id,correct,date,naive_date_confidence,total,naive_total_confidence,text
4,True,2017-02-27 12:29:14,0.6876666666666668,6.74,0.6679666666666666,"CRF-CITY LA ROCHELLE
33 RUE DE LA SCIERIE
17000 LA ROCHELLE
Tel : 05.46.27.02.12
DESCRIPTION QTE MONTANT
*85G VERRINE TIRANI 2.01€
*PARMENTIER CANARD 4.73€
2 ARTICLE(S) TOTAL A PAYER 6.74€
CB EMV SANS CONTACT EUR 6.74€
Si vous aviez la carte fidélité,
vous auriez cumulé 0.30€ sur
votre compte fidélité Carrefour.
Détails:
Remise produits fide 0.30€
0006 004 000122 27/02/2017 12:24:45
MERCI DE VOTRE VISITE
A BIENTOT
"
5,True,2017-02-26 11:10:32,0.6894333333333333,11.16,0.6679333333333333,"city
CRF-CITY LA ROCHELLE
33 RUE DE LA SCIERIE
17000 LA ROCHELLE
Tel : 05.46.27.02.12
DESCRIPTION QTE MONTANT
*205G  DESSERT NOIR 2.12€
*363G  GAUFRE CHOCO 3.00€
*40CL FLEURETTE 30% 1.85€
*6 OEUF PLEIN AIR G 1.75€
*KERISAC CIDRE BRUT 2.44€
5 ARTICLE(S) TOTAL A PAYER 11.16€*
CB EMV SANS CONTACT EUR 11.16€*
Si vous aviez la carte fidélité,
vous auriez cumulé 0.09€ sur
votre compte fidélité Carrefour.
Détails:
5% produits Carrefou 0.09€
0004 004 000105 26/02/2017 11:10:32
MERCI DE VOTRE VISITE
A BIENTOT
"
6,True,2017-02-25 11:05:35,0.7041666666666667,6.99,0.6681333333333334,"CRF-CITY LA ROCHELLE
33 RUE DE LA SCIERIE
17000 LA ROCHELLE
Tel / 05.46.27.02.12
DESCR?PTION QTE MONTANT
*150G SDW TR.POL PL 2.32€
*180H CHIPS ONDULEE 1.44€
*190G SDW TR. JBN C 3.23€
3 ARTICLES(S) TOTAL A PAYER 6.99€
CB EMV SANS CONTACT EUR 6.99€
0005 003 000009 25/02/2017 11:05:35
MERCI DE VOTRE VISITE
A BIENTOT
"
9,True,2016-05-23 12:29:03,0.6976333333333333,5.04,0.6681,"CRF-CITY LA ROCHELLE
33 RUE DE LA SCIERIE
17000 LA ROCHELLE
Tel : 05.46.27.02.12
DESCRIPTION QTE MONTANT
320G SLD.MANHATTAN 4.14€
POMME GOLDEN GROSSE 0.90€
0.3600kg x 2.50€/kg
2 ARTICLE(S) TOTAL A PAYER 5.04€
CARTE BANCAIRE EMV EUR 5.04€
0003 004 000110 23/05/2016 12:29:03
MERCI DE VOTRE VISITE
A BIENTOT
"
10,True,2016-04-22 20:25:13,0.6856333333333333,14.46,0.6678333333333333,"Carrefour
city
CRF-CITY LA ROCHELLE
33 RUE DE LA SCIERIE
17000 LA ROCHELLE
Tel : 05.46.27.02.12
DESCRIPTION QTE MONTANT
400G TRESOR DUO CH 3.31€
6 OEUF GROS EXTRA 1.25€
BANANE BIO 1.58€
0.7182 X 2.20€
BISCOT.MULTI CEREA 1.28€
LT 1/2E MATIN LEGE 2x 1.51 3.02€
PIZZA TONNO RISTOR 2.57€
YAF PANIER FRAM/MU 1.45€
8 ARTICLE(S) TOTAL A PAYER 14.46€
CARTE BANCAIRE EMV EUR 14.46€
Si vous aviez la carte fidélité,
vous auriez cumulé 0.06€ sur
votre compte fidélité Carrefour.
Détails:
BISCOT.MULTI CEREA 0.06€
0001 002 000261 22/04/2016 20:25:13
MERCI DE VOTRE VISITE
A BIENTOT"
15,True,2016-10-25 19:15:57,0.6874666666666667,12.07,0.6680333333333334,"Carrefour
CRF-CITY LA ROCHELLE
33 RUE DE LA SCIERIE
17000 LA ROCHELLE
Tel : 05.46.27.02.12
DESCRIPTION QTE MONTANT
2000 SCH0K0B0NS Kl 3-12€
75 CAB ANJ RSE MDD 4.15€
PREFOU CHEVRE 4.80€
3 ARTICLE(S) TOTAL A PAYER 12.07€
CARTE BANCAIRE EMV EUR 12.07€
0012 004 000419 25/10/2016 19:15:57
MERCI DE VOTRE VISITE
A BIENTOT
"
16,True,2016-12-20 19:39:08,0.6936,4.87,0.6680666666666666,"city
CRF-CITY LA ROCHELLE
33 RUE DE LA SCIERIE
17000 LA ROCHELLE
Tel : 05.46.27.02.12
DESCRIPTION QTE MONTANT
*KINDE? SCHOKOBONS 4.87€
1 ARTICLE(S) TOTAL A PAYER 4.87€
ESPECES EUR 10.00€
Votre Monnaie -5.13€
0006 003 000136 20/12/2016 19:39:08
MERCI DE VOIRE VISITE
A BIENTOT
"
17,True,2016-07-28 12:59:10,0.7051333333333333,3.82,0.6682666666666667,"Carrefour city
CRF-CITY LA ROCHELLE
33 RUE DE LA SCIERIE
17000 LA ROCHELLE
Tel : 05.46.27.02.12
DESCRIPTION QTE MONTANT
SALADE PATE JB0N 3.82€
1 ARTICLE(S) TOTAL A PAYER 3.82€
CARTE BANCAIRE EMV EUR 3.82€
0008 004 000162 28/07/2016 12:59:10
MERCI DE VOTRE VISITE
A BIENTOT
"
19,True,2016-08-24 12:02:48,0.7041333333333334,2.9,0.6680666666666666,"Carrefour
city
CRF-CITY LA ROCHELLE
33 RUE DE LA SCIERIE
17000 LA ROCHELLE
Tel : 05.46.27.02.12
DESCRIPTION QTE MONTANT
250G  SALADE PARISI 2.90€
1 ARTICLE(S) TOTAL A PAYER 2.90€
CB EMV SANS CONTACT EUR 2.90€
Si vous aviez la carte fidelité,
vous auriez cumulé 0.15€ sur
votre compte fidélité Carrefour.
Détails:
250G SALADE PARISI 0.15€
0003 003 000120 24/08/2016 12:02:48
MERCI DE VOTRE VISITE
A BIENTOT
"
23,True,2016-06-09 20:00:19,0.6908666666666666,7.62,0.6683666666666667,"Carrefour
city
CRF-CITY LA ROCHELLE
33 RUE DE LA SCIERIE
17000 LA ROCHELLE
Tel : 05.46,27.02,12
DESCRIPTION QTE MONTANT
D.PIZZA 4 FORMAGGI 4.90€
PIZZA 4SAIS0NS CRF 2.72€
2 ARTICLES) TOTAL A PAYER 7.62€
CARTE BANCAIRE EMV EUR 7.62€
0008 002 000282 09/06/2016 20:00:19
MERCI DE VOTRE VISITE
A BIENTOT
"
28,True,2017-01-16 19:19:15,0.6932,9.71,0.6681666666666666,"city
CRF-CITY LA ROCHELLE
33 RUE DE LA SCIERIE
17000 LA ROCHELLE
Tel : 05.46.27.02.12
DESCRIPTION QTE MONTANT
*BLANC SOIF D\'EVASION 5.35€
*BRK SQR 1L PJ POMM 1.59€
*BRK SQR PJ MULT 1L 2.77€
3 ARTICLE(S) TOTAL A PAYER 9.71€
CB EMV SANS CONTACT EUR 9.71 €
0004 004 000664 16/01/2017 19:19:15
MERCI DE VOTRE VISITE
A BIENTOT
"
29,True,2017-02-18 20:27:59,0.6938,7.27,0.6682333333333333,"CRF-CITY LA ROCHELLE
33 RUE DE LA SCIERIE
17000 LA ROCHELLE
Tel : 05.46.27.02.12
DESCRIPTION QTE MONTANT
*200G SCH0K0B0NS Kl 3.12€
*75 CAB ANJ RSE MDD 4.15€
2 ARTICLE(S) TOTAL A PAYER 7.27€
CARTE BANCAIRE EMV EUR 7.27€
0004 003 000217 18/02/2017 20:27:59
MERCI DE VOTRE VISITE
A BIENTOT
"
30,True,2017-02-21 12:12:17,0.6923666666666667,4.11,0.6682,"city
CRF-CITY LA ROCHELLE
33 RUE DE LA SCIERIE
17000 LA ROCHELLE
Tel : 05.46.27.02.12
DESCRIPTION QTE MONTANT
* NOUILLES THAI PLT 4.11€
1 Article(S) TOTAL A PAYER 4.11€
CB EMV SANS CONTACT EUR 4.11€
0001 003 000057 21/02/2017 12:12:17
MERCI DE VOTRE VISITE
A BIENTOT
"
31,True,2017-01-18 18:23:24,0.6938,4.14,0.6682333333333333,"CRF-CITY LA ROCHELLE
33 RUE DE LA SCIERIE
17000 LA ROCHELLE
Tel : 05.46.27.02.12
DESCRIPTION QTE MONTANT
*NESCAFE TASS.ROUGE 2.18€
*P.J.MULTIFRUITS 1L 1.96€
2 ARTICLE(S) TOTAL A PAYER 4.14€
CARTE BANCAIRE EMV EUR 4.14€
0007 004 000457 18/01/2017 18:23:24
MERCI DE VOTRE VISITE
A BIENTOT
"
32,True,2017-02-21 12:12:56,0.6870666666666667,3.88,0.6682333333333333,"city
CRF-CITY LA ROCHELLE
33 RUE DE LA SCIERIE
17000 LA ROCHELLE
Tel : 05.46.27.02.12
DESCR?PTION OTE MONTANT
*CRISTALINE 1.5L 0.20€
*MAXI POULET CRUDIT 1.74€
*TRIAN PLT ROTI MAYO 1.94€
3 ARTICLE(S) TOTAL A PAYER 3.88€
CARTE BANCAIRE EMV EUR 3.88€
0101 003 000058 21/02/2017 12:12:56
MERCI DE VOTRE VISITE
A BIENTOT"
34,True,2017-02-13 12:00:34,0.7041666666666667,6.71,0.6683,"city
CRF-CITY LA ROCHELLE
33 RUE DE LA SCIERIE
17000 LA ROCHELLE
Tel : 05.46.27.02.12
DESCRIPTION QTE MONTANT
*BAGUETTE PERENE CERE 1.15€
*PETIT BEURRE BIO 1 1.33€
*SALADE VENEZIA 4.23€
3 ARTICLE(S) TOTAL A PAYER 6.71€
CARTE BANCAIRE EMV EUR 6.71€
0009 004 000100 13/02/2017 12:00:34
MERCI DE VOTRE VISITE
A BIENTOT"
35,True,2017-02-09 12:21:17,0.6893333333333334,12.54,0.6681,"CRF-CITY LA ROCHELLE
33 RUE DE LA SCIERIE
17000 LA ROCHELLE
Tel : 05.46.27.02.12
DESCRIPTION QTE MONTANT
*320 SENSEO BRAZIL 5.82€
*BAGUETTE PERENE CERE 1.15€
*COUSCOUS CRF 440G  3.26€
*DUO TERRIN+MOUS.CD 1.39€
*M.NOVA SNACK CHOCO 0.92€
5 ARTICLE(S) TOTAL A PAYER 12.54€
CARTE BANCAIRE EMV EUR 12.54€
0002 002 000127 09/02/2017 12:21:17
MERCI DE VOTRE VISITE
A BIENTOT
"
36,True,2017-03-01 11:58:41,0.7060333333333333,7.45,0.6680666666666666,"city
CRF-CITY LA ROCHELLE
33 RUE DE LA SCIERIE
17000 LA ROCHELLE
Tel : 05.46.27.02.12
[D U P L I C A T A]
DESCRIPTION QTE MONTANT
*285G  BROWNIES PEPI 2.36€
*FOUGASSETTE CHEVRE 2.50€
*SDW GOURM CLUB PLT 2.59€
3 ARTICLE(S) TOTAL A PAYER 7.45€
ESPECES EUR 10.00€
Votre Monnaie -2.55€
0003 004 000060 01/03/2017 11:58:41
MERCI DE VOTRE VISITE
A BIENTOT"
43,True,2017-01-13 16:58:59,0.6783666666666667,40.3,0.6676,"City
CRF-CITY LA ROCHELLE
33 RUE DE LA SCIERIE
17000 LA ROCHELLE
Tel : 05.46.27.02.12
DESCRIPTION QTE MONTANT
*GUIGNETTE ROUGE 7.95€
*GUIGNETTE VERT 75CL 3x 7.95 23.85€
*T BIERE X4 8.50€
5 ARTICLE(S) TOTAL A PAYER 40.30€
ESPECES EUR 40.30€
Carte : 9135720000218234957
0001 002 000237 13/01/2017 16:58:59
MERCI DE VOTRE VISITE
A BIENTOT
"
44,True,2017-02-23 12:04:55,0.7047,3.74,0.6680666666666666,"CRF-CITY LA ROCHELLE
33 RUE DE LA SCIERIE
17000 LA ROCHELLE
Tel : 05.46.27.02.12
DESCRIPTION QTE MONTANT
*320G  SLDE ROMA JBN 3.74€
1 ARTICLE(S) TOTAL A PAYER 3.74€
ESPECES EUR 20.00€
Votre Monnaie -16.26€
0009 004 000068 23/02/2017 12:04:55
MERCI DE VOTRE VISITE
A BIENTOT
"
48,True,2017-02-03 18:49:24,0.686,19.26,0.6679333333333333,"city
CRF-CITY LA ROCHELLE
33 RUE DE LA SCIERIE
17000 LA ROCHELLE
Tel : 05.46.27.02.12
DESCRIPTION QTE MONTANT
*190G CAVIAR TOMATE 2.59€
*250G TORT RICOTTA 3.21€
*500G  COQUILL.CRF 0.63€
*500G  PAIN DE MIE 1.20€
*BAGUETTE 250G  0.84€
*CLEMENTINES 1KG 3.50€
*EMMENTAL RAPE CRF 1.54€
*GALETTE QUINOA TOM 2.81€
*KIRI CREME X 8 1.77€
*PIZZA JBN FROMAGE 1.17€
10 ARTICLE(S) TOTAL A PAYER 19.26€
CARTE BANCAIRE EMV EUR 19.26€
0007 002 000407 03/02/2017 18:49:24
MERCI DE VOTRE VISITE
A BIENTOT"
50,True,2017-02-17 14:17:51,0.6898666666666667,15.05,0.6678333333333333,"city
CRF-CITY LA ROCHELLE
33 RUE DE LA SCIERIE
17000 LA ROCHELLE
Tel : 05.46.27.02.12
DESCRIPTION QTE MONTANT
*4X 95? LES 2 VACHE 1.67€
CAMEMB.BIO CRF250G 2.27€
*CIABATTA 1.15€
*MELANGE DE SAISON 1.93€
*MOZZARELLA CRF 0.82€
*SANEX DOUCHE DERMO 2.91€
*TOMATE S 250GR BIO 1.90€
*YT BRASSE NAT.VRAI 2.40€
8 ARTICLE(S) TOTAL A PAYER 15.05€
ESPECES EUR 20.05€
Votre Monnaie -5.00€
Si vous aviez la carte fidélité,
vous auriez cumulé 0.04€ sur
votre compte fidélité Carrefour,
Détails:
5% produits Carrefour 0.04€
0002 003 000106 17/02/2017 14:17:51
MERCI DE VOTRE VISITE
A BIENTOT
"
55,True,2016-09-08 15:14:34,0.6902,5.3,0.6682333333333333,"Carrefour
city
CRF-CITY LA ROCHELLE
33 RUE DE LA SCIERIE
17000 LA ROCHELLE
Tel : 05.46.27.02.12
DESCRIPTION QTE MONTANT
125G  SNACK CURL CA 0.43€
KINDER SCHOKOBONS 4.87€
2 A?CLE(S) TOTAL A PAYER 5.30€
CB ?V SANS CONTACT EUR 5.30€
0004 004 000293 08/09/2016 15:14:34
MERCI DE VOTRE VISITE
A BIENTOT"
56,True,2016-08-02 18:19:00,0.6895666666666667,4.87,0.6681333333333334,"Carrefour
city
CRF-CITY LA ROCHELLE
33 RUE DE LA SCIERIE
17000 LA ROCHELLE
Tel : 05.46.27.02.12
DESCRIPTION QTE MONTANT
KINDER SCH0K0B0NS 4.87€
1 ARTICLE(S) TOTAL A PAYER 4.87€
ESPECES EUR 10.00€
Votre Monnaie -5.13€
0001 003 000246 02/08/2016 18:19:00
MERCI DE VOTRE VISITE
A BIENTOT
"
62,True,2017-01-11 09:09:25,0.6841666666666667,2.12,0.6682,"city
CRF-CITY LA ROCHELLE
33 RUE DE LA SCIERIE
17000 LA ROCHELLE
Tel : 05.46.27.02.12
DESCRIPTION QTE MONTANT
*CRISTALINE X6 2x 1.06 2.12€
2 ARTICLE(S) TOTAL A PAYER 2.12€
ESPECES EUR 4.00€
Votre Monnaie -1.88€
0005 002 000065 11/01/2017 09:09:25
MERCI DE VOTRE VISITE
A BIENTOT
"
63,True,2017-01-05 14:56:18,0.6902,4.32,0.6680333333333334,"city
CRF-CITY LA ROCHELLE
33 RUE DE LA SCIERIE
17000 LA ROCHELLE
Tel : 05.46.27.02.12
DESCRIPTION QTE MONTANT
*4X125G VELOUTE NAT 1.03€
*AVOCAT 1.30€
*BANANE 1.00€
0.515kg x 1.95€/kg
*POIRES 0.99 0.99€
4 ARTICLE(S) TOTAL A PAYER 4.32€
CARTE BANCAIRE EMV EUR 4.32€
0010 004 000261 05/01/2017 14:56:18
MERCI DE VOTRE VISITE
A BIENTOT
"
65,True,2016-02-17 13:20:01,0.6932,6.7,0.6682,"Carrefour
city
CRF-CITY LA ROCHELLE
33 RUE DE LA SCIERIE
17000 LA ROCHELLE
Tel : 05.46.27.02.12
DESCRIPTION QTE MONTANT
235G MUFFINS CHOCO 2.26€
80 CHOCOBREAK MOC 3.46€
MATIN LEGER 1/2ECR 0.98€
3 ARTICLE(S) TOTAL A PAYER 6.70€
CARTE BANCAIRE EMV EUR 6.70€
0003 003 000039 17/02/2016 13:20:01
MERCI DE VOTRE VISITE
A BIENTOT
"
66,True,2016-01-12 17:42:38,0.6878,19.46,0.6676,"Carrefour
city
CRF-CITY LA ROCHELLE
33 RUE DE LA SCIERIE
17000 LA ROCHELLE
Tel : 05.46.27.02.12
DESCRIPTION QTE MONTANT
30M ALUMINIUM***** 1.43€
BANANE 1.24€
0.6350kg x 1.95€/kg
CHAMPI.PIED MCX CR 0.75€
CREME LAVANTE PECH 0.8l€
ECOSAC CABAS CRF AGI 2.80€
EMMENTAL RAPE 100G 0.97€
FARINE BLE T45 0.60€
LASAGNE BARILLA 2.12€
MANDARINE 2.35€
0.7950kg x 2.95€/kg
OLIVE NRE GRECQUE 1.28€
PAIN MIE MOELL.CRF 0.52€
PATE BRISEE ETALEE 0.75€
PDT GROSSE KG 0.97€
0.6450kg x 1.50€/kg
PET 1.5L EAU MIN. 2x 0.58 1.16€
RAVIOLI 4FR0MAGES 1.71€
16 ARTICLE(S) TOTAL A PAYER 19.46€
ESPECES EUR 20.00€
Votre Monnaie -0.54€
0007 004 000315 12/01/2016 17:42:38
MERCI DE VOTRE VISITE
A BIENTOT
"
67,True,2016-02-17 09:32:27,0.6938,3.77,0.6681666666666666,"Carrefour
city
CRF-CITY LA ROCHELLE
33 RUE DE LA SCIERIE
17000 LA ROCHELLE
Tel : 05.46.27.02.12
DESCRIPTION QTE MONTANT
12 SERVIETTES.CARF 1.55€
ALWAYS ULTRA LONG 2.22€
2 ARTICLE(S) TOTAL A PAYER 3.77€
ESPECES EUR 5.00€
Votre Monnaie -1.23€
0001 002 000055 17/02/2016 09:32:27
MERCI DE VOTRE VISITE
A BIENTOT"
69,True,2016-02-17 16:38:56,0.6938,3.54,0.6682333333333333,"CRF-CITY LA ROCHELLE
33 RUE DE LA SCIERIE
17000 LA ROCHELLE
Tel : 05.46.27.02.12
DESCRIPTION QTE MONTANT
PET 6?1.5L EAU MIN 3.54€
1 ARTICLE(S) TOTAL A PAYER 3.54€
ESPECES EUR 3.54€
0003 003 000249 17/02/2016 16:38:56
MERCI DE VOTRE VISITE
A BIENTOT
"
70,True,2016-12-13 21:20:31,0.6982333333333334,21.3,0.6681333333333334,"city
CRF-CITY LA ROCHELLE
33 RUE DE LA SCIERIE
17000 LA ROCHELLE
Tel : 05.46.27.02.12
DESCRIPTION QTE MONTANT
*CH.C.DUCHENE BRUT 21.30€
1 ARTICLE(S) TOTAL A PAYER 21.30€
CARTE BANCAIRE EMV EUR 21.30€
0001 004 000678 13/12/2016 21:20:31
MERCI DE VOTRE VISITE
A BIENTOT
"
71,True,2016-12-16 12:55:11,0.6932,5.73,0.6681666666666666,"city
CRF-CITY LA ROCHELLE
33 RUE DE LA SCIERIE
17000 LA ROCHELLE
Tel : 05.46.27.02.12
DESCRIPTION QTE MONTANT
*PIM’S FRAMBOISE LU 1.31€
*SALADE PLT EPICE 4.42€
2 ARTICLE(S) TOTAL A PAYER 5.73€
CB EMV SANS CONTACT EUR 5.73€
0004 003 000108 16/12/2016 12:55:11
MERCI DE VOTRE VISITE
A BIENTOT
"
81,True,2016-12-19 11:52:13,0.6936,6.93,0.6681333333333334,"CRF-CITY LA ROCHELLE
33 RUE DE LA SCIERIE
17000 LA ROCHELLE
Tel : 05.46.27.02.12
DESCRIPTION QTE MONTANT
*COUSCOUS CRF 440G 3.26€
*DESS.FRTS POM/PEC/ 1.68€
*VACHE A BOIRE VANI 1.99€
3 ARTICLE(S) TOTAL A PAYER 6.93€
CB EMV SANS CONTACT EUR 6.93€
O005 003 000097 19/12/2016 11:52:13
MERCI DE VOTRE VISITE
A BIENTOT
"
84,True,2017-01-12 08:34:14,0.7047,3.75,0.6682333333333333,"C City
CRF-CITY LA ROCHELLE
33 RUE DE LA SCIERIE
17000 LA ROCHELLE
Tel : 05.46.27.02.12
DESCRIPTION QTE MONTANT
*BISC.PT DEJ.CRF 2.16€
*BRK SQR 1L PJ POMM 1.57€
2 ARTICLE(S) TOTAl A PAYER 3.75€
CB EMV SANS CONTACT EUR 3.75€
0006 002 000040 12/01/2017 08:34:14
MERCI DE VOTRE VISITE
A BIENTOT
"
86,True,2017-01-04 18:21:05,0.6895666666666667,1.95,0.6681666666666666,"city
CRF-CITY LA ROCHELLE
33 RUE DE LA SCIERIE
17000 LA ROCHELLE
Tel : 05.46.27.02.12
DESCRIPTION QTE MONTANT
*CITRON BIO X4 1.95€
1 ARTICLE(S) TOTAL A PAYER 1.95€
ESPECES EUR 5.00€
Votre Monnaie -3.05€
0004 004 000438 04/01/2017 18:21:05
MERCI DE VOTRE VISITE
A BIENTOT
"
87,True,2017-02-16 17:11:09,0.6926,3.72,0.6680333333333334,"city
CRF-CI\'Y LA ROCHELLE
33 RUE DE LA SCIERIE
17000 LA ROCHELLE
Tel : 05.46.27.02.12
DESCRIPTION QTE MONTANT
BANANE 2.25€
1.155kg x 1.95€/kg
MINI MOUCHOIR CRF 1.47€
2 ARTICLE(S) TOTAL A PAYER 3.72€
CARTE BANCAIRE EMV EUR 3.72€
Si vous aviez la carte fidélité,
vous auriez cumulé 0.07€ sur
votre compte fidélité Carrefour.
Détails:
5% produits Carrefou 0.07€
0006 003 000233 16/02/2017 17:11:09
MERCI DE VOTRE VISITE
A BIENTOT
"
89,True,2017-01-15 12:27:43,0.6938,2.14,0.6681666666666666,"CRF-CITY LA ROCHELLE
33 RUE DE LA SCIERIE
17000 LA ROCHELLE
Tel : 05.46.27.02.12
DESCRIPTION QTE MONTANT
*BEURRE BIO 1/2 SEL 2.14€
1 ARTICLE(S) TOTAL A PAYER 2.14€
CB EMV SANS CONTACT EUR 2.14€
0001 004 000155 15/01/2017 12:27:43
MERCI DE VOTRE VISITE
A BIENTOT"
91,True,2017-01-05 12:59:35,0.6878333333333333,6.0,0.668,"city
CRF-CITY LA ROCHELLE
33 RUE DE LA SCIERIE
17000 LA ROCHELLE
Tel : 05.46.27.02.12
DESCRIPTION QTE MONTANT
*180G QUINOA BOULG 2.77€
*190G  SDW TR. JBN C 3.23€
2 ARTICLE(S) TOTAL A PAYER 6.00€
ESPECES EUR 50.00€
Votre Monnaie -44.00€
0010 004 000151 05/01/2017 12:59:35
MERCI DE VOTRE VISITE
A BIENTOT
"
96,True,2017-01-24 19:15:49,0.7047,2.52,0.6681,"city
CRF-CITY LA ROCHELLE
33 RUE DE LA SCIERIE
17000 LA ROCHELLE
Tel : 05.46.27.02.12
DESCRIPTION QTE MONTANT
*CAROT.RAPE/TABOULE 1.95€
*PET 1.25L EAU GAZ 0.57€
2 ARTICLE(S) TOTAL A PAYER 2.52€
CB EMV SANS CONTACT EUR 2.52€
0001 004 000546 24/01/2017 19:15:49
MERCI DE VOTRE VISITE
A BIENTOT
"
98,True,2017-01-23 16:51:22,0.7047,2.3,0.6682,"city
CRF-CITY LA ROCHELLE
33 RUE DE LA SCIERIE
17000 LA ROCHELLE
Tel : 05.46.27.02.12
DESCRIPTION QTE MONTANT
*CLEMENTINES 1KG 2.30€
1 ARTICLE(S) TOTAL A PAYER 2.30€
CB EMV SANS CONTACT EUR 2.30€
0008 003 000251 23/01/2017 16:51:22
MERCI DE VOTRE VISITE
A BIENTOT
"
100,True,2017-01-24 19:15:39,0.7045,4.28,0.6681,"City
CRF-CITY LA ROCHELLE
33 RUE DE LA SCIERIE
17000 LA ROCHELLE
Tel : 05.46.27.02.12
DESCRIPTION QTE MONTANT
*150G  GENOISE POIRE 1.05€
*190G  SDW TR. JBN C 3.23€
2 ARTICLE(S) TOTAL A PAYER 4.28€
CB EMV SANS CONTACT EUR 4.28€
0006 002 000411 24/01/2017 19:15:39
MERCI DE VOTRE VISITE
A BIENTOT
"
101,True,2017-01-14 20:01:23,0.6943,4.95,0.6681,"city
CRF-CrY LA ROCHELLE
33 RUE DE LA SCIERIE
17000 LA ROCHELLE
Tel : 05.46.27.02.12
DESCRIPTION QTE MONTANT
75 CT BERG.NOEL ML 3.83€
C0OKIES COCO CRF 1.12€
2 ARTICLE(S) TOTAL A PAYER 4.95€
ESPECES EUR 10.00€
Votre Monnaie -5.05€
0002 003 000274 14/01/2017 20:01:23
MERCI DE VOTRE VISITE
A BIENTOT
"
104,True,2016-11-17 18:14:51,0.6902,13.71,0.6678000000000001,"city
CRF-CITY LA ROCHELLE
33 RUE DE LA SCIERIE 
17000 LA ROCHELLE
TEL : 05.46.27.02.12
DESCRIPTION QTE MONTANT
*250G RAVIOLI CEPES 3.28€
*4X125G VELOUTE NAT 1.03€
*6 OEUFS BIO LOUE 3.26€
*CD LAIT COCO CRF 1.36€
*LEVURE CHIMIQUE 0.99€
*POMME GOLDEN GROSSE 2.30€
0.780kg x 2.95€/kg
*SUCRE POUDRE 1.49€
7 ARTICLE(S) TOTAL A PAYER 13.71€
CB EMV SANS CONTACT EUR 13.71€
0004 004 000475 17/11/2016 18:14:51
MERCI DE VOTRE VISITE
A BIENTOT
"
106,True,2016-08-08 17:28:01,0.6823666666666667,32.0,0.6676,"Carrefour
CRF-CITY LA ROCHELLE
33 RUE DE LA SCIERIE
17000 LA ROCHELLE
Tel : 05.46.27.02.12
DESCRIPTION QTE MONTANT
250 (R BAGUETTE CRF 1.00€
1L LAIT ECREME 3x 0.93 2.79€
500G (RUESLI CHOCO 2.53€
500G PAIN DE MIE 1.20€
6T BON PARIS ETOUF 3.53€
6X OEUFS PPA FQC 1.96€
BETTERAVE S/V 250G 1.10€
bisc.it DEJ.CRF 1.64€
CONCOMBRE 1.10€
EMMENTAL RAPE 100G 2x 0.97 1.94€
GALETTE QUINOA TOM 2.81€
MELON CHARENTAIS PET 2.20€
MOZZARELLA CRF 2x 0.82 1.64€
NECTARINE A CHAIR JA 3.22€
0.815kg x 3.95€/kg
TOMATE GRAPPE 1.80€
0.720kg x 2.50€/kg
X6 KNACKI ORIGINAL 1.54€
20 ARTICLE(S) TOTAL A PAYER 32.00€
CARTE BANCAIRE EMV EUR 32.00€
Si vous aviez la carte fidelité,
vous auriez cumulé 0.10€ sur
votre compte fidélité Carrefour.
Détails:
EMMENTAL RAPE 100G 0.10€
0010 003 000254 08/08/2016 17:28:01
MERCI DE VOTRE VISITE
A BIENTOT
"
109,True,2016-08-19 12:58:54,0.6938,2.61,0.6682666666666667,"Carrefour
city
CRF-CITY LA ROCHELLE
33 RUE DE LA SCIERIE
17000 LA ROCHELLE
Tel : 05.46.27.02.12
DESCRIPTION QTE MONTANT
CUP TORTEL.RICOT.E 2.61€
1 ARTICLE(S) TOTAL A PAPER 2.61€
CARTE BANCAIRE EMV EUR 2.61€
0003 002 000254 19/08/2016 12:58:54
MERCI DE VOTRE VISITE
A BIENTOT
"
113,True,2016-05-27 17:29:01,0.7047,5.4,0.6681666666666666,"Carrefour
CRF-CITY LA ROCHELLE
33 RUE DE LA SCIERIE
17000 LA ROCHELLE
Tel : 05.46.27.02.12
DESCRIPTION QTE MONTANT
200G TOMATE CERISE B 1.50€
3X1/4 MAIS CRF 1.16€
4 KNACKI HERTA 1.25€
6 RLX P.H.2PLI CRF 1.49€
4 ARTICLE(S) TOTAL A PAYER 5.40€
CARTE BANCAIRE EMV EUR 5.40€
0007 004 000340 27/05/2016 17:29:01
MERCI DE VOTRE VISITE
A BIENTOT
"
118,True,2016-10-27 12:03:11,0.7042999999999999,3.53,0.6681666666666666,"
Carrefour
city
CRF-CITY LA ROCHELLE
33 RUE DE LA SCIERIE
17000 LA ROCHELLE
Tel : 05.46.27.02.12
DESCRIPTION QTE MONTANT
FLT PDT PDT SARLAD 3.53€
1 ARTICLE(S) TOTAL A PAYER 3.53€
CB EMV SANS CONTACT EUR 3.53€
0010 003 000042 27/10/2016 12:03:11
MERCI DE VOTRE VISITE
A BIENTOT
"
127,True,2016-09-07 17:50:07,0.6943,7.91,0.6681666666666666,"Carrefour
city
CRF-CITY LA ROCHELLE
33 RUE DE LA SCIERIE
17000 LA ROCHELLE
Tel : 05.46.27.02.12
DESCRIPTION QTE MONTANT
200G ?ZATZIKI CRF 1.93€
75 BD) ROS CAF ML 3.78€
MELON CHARENTAIS GRO 2.20€
3 ARTICLE(S) TOTAL A PAYER 7.91€
CB EMV SANS CONTACT EUR 7.91€
0004 003 000383 07/09/2016 17:50:07
MERCI DE VOTRE VISITE
A BIENTOT
"
129,True,2015-11-10 10:24:44,0.6942666666666667,4.86,0.6681333333333334,"Carrefour
CRF-CITY LA ROCHELLE
33 RUE DE LA SCIERIE
17000 LA ROCHELLE
Tel : 05.46.27.02.12
DESCRIPTION QTE NONTANT
500G PAIN DE MIE 1.17€
BRK SUR IL PJ POMM 1.70€
CIDRE NORMAND BIO 1.99€
3 ARTICLE(S) TOTAL A PAYER 4.86€
CARTE BANCAIRE EMV EUR 4.86€
0007 003 000419 10/11/2015 10:24:44
MERCI DE VOTRE VISITE
A BIENTOT
"
130,True,2015-10-26 12:37:59,0.7060000000000001,10.91,0.6680666666666666,"CRF-CITY LA ROCHELLE
33 RUE DE LA SCIERIE
17000 LA ROCHELLE
Tel : 05.46.27.02.12
DESCRIPTION QTE MONTANT
150G SDW TR.POLAIR 2x 3.24 5.48€
190G  SDW TR. JBN C 3.23€
BARQUET.CHOCO.LU 1.20€
4 ARTICLE(S) TOTAL A PAYER 10.91€
CARTE BANCAIRE EMV EUR 10.91€
0004 004 000149 26/10/2015 12:37:59
MERCI DE VOTRE VISITE
A BIENTOT
"
132,True,2016-04-15 17:40:30,0.6938,6.88,0.6681666666666666,"Carrefour City
CRF-CITY LA ROCHELLE
33 RUE DE LA SCIERIE
17000 LA ROCHELLE
Tel : 05.46.27.02.12

DESCRIPTION QTE MONTANT

CIABATTA 1.15€
OLIVE ? FROMAG 2.35€
TAPAS FO? BACON 2.39€
TOMATE CERISES 0.99€

4 ARTICLE(S) TOTAL A PAYER 6.88€
CARTE BANCAIRE EMV EUR 6.88€
0001 002 000259 15/04/2016 17:40:30
MERCI DE VOTRE VISITE
A BIENTOT
"
138,True,2016-04-04 12:07:33,0.6898333333333333,4.23,0.6684,"Carrefour
CRF-CITY LA ROCHELLE
33 RUE DE LA SCIERIE
17000 LA ROCHELLE
Tel : 05.46.27.02.12
DESCRIPTION QTE MONTANT
SALADE VENEZIA 4.23€
1 ARTICLE(S) TOTAL A PAYER 4.23€
CARTE BANCAIRE EMV EUR 4.23€
0001 004 000097 04/04/2016 12:07:33
MERCI DE VOTRE VISITE
A BIENTOT
"
142,True,2016-03-26 18:56:40,0.6935666666666667,13.77,0.6678333333333333,"Carrefour
city
CRF-CITY LA ROCHELLE
33 RUE DE LA SCIERIE
17000 LA ROCHELLE
Tel : 05.46.27.02.12
DESCRIPTION QTE MONTANT
200G CHOCO M0000 2.03€
250G TORT RICOTTA 3.21€
500G PAIN DE MIE 1.17€
DISC.PT DEJ.CRF 1.64€
EMMENTAL RAPE CRF 1.57€
NEMS PORC+SAUCE 2.98€
PIZZA JBN FROMAGE 1.17€
7 ARTICLE(S) TOTAL A PAYER 13.77€
CARTE BANCAIRE EMV EUR 13.77€
Si vous aviez la carte fidélité,
vous auriez cumulé 0.14€ sur
votre compte fidélité Carrefour.
Détails:
PIZZA JBN FROMAGE 0.14€
0004 004 000307 26/03/2016 18:56:40
MERCI DE VOTRE VISITE
A BIENTOT
"
143,True,2016-02-25 12:10:07,0.7038333333333333,5.43,0.6681666666666666,"Carrefour
city
CRF-CITY LA ROCHELLE
33 RUE DE LA SCIERIE
17000 LA ROCHELLE
Tel : 05.46.27.02.12
DESCRIPTION QTE MONTANT
CLUB COMPLT JBN/FR 1.77€
FOUGASSETTE CHEVRE 2.50€
GENOISE FRAMBOISE 1.16€
3 ARTICLE(S) TOTAL A PAYER 5.43€
CARTE BANCAIRE EMV EUR 5.43€
0004 004 000121 25/02/2016 12:10:07
MERCI DE VOTRE VISITE
A BIENTOT
"
148,True,2016-04-06 11:29:39,0.6904,5.28,0.6683,"Carrefour
city
CRF-CITY LA ROCHELLE
33 RUE DE LA SCIERIE
17000 LA ROCHELLE
Tel : 05.46.27.02.12
DESCRIPTION QTE MONTANT
PIM’S FRAMBOISE LU 1.46€
SALADE PATE JBON 3.82€
2 ARTICLE(S) TOTAL A PAYER 5.28€
CARTE BANCAIRE EMV EUR 5.28€
0004 004 000028 06/04/2016 11:29:39
MERCI DE VOTRE VISITE
A BIENTOT
"
149,True,2015-10-28 18:32:14,0.6933666666666667,25.19,0.6678333333333333,"Carrefour
CRF-CITY LA ROCHELLE
33 RUE DE LA SCIERIE
17000 LA ROCHELLE
Tel : 05.46.27.02.12
DESCRIPTION QTE MONTANT
205G DESSERT NOIR 2.12€
500G COQUILL.CRF 0.59€
500G PAIN DE MIE 1.17€
BAGUETTE 250G 0.84€
BISC.PT DEJ.CRF 1.64€
CABECOU AU LARDON 2.48€
CAKE APERITI LEGUM 2.88€
FLAMMFKUECHE SURG. 2.85€
MINI BATON BERGER 2.75€
MINIZZA BELIN 1.16€
NEMS PORC+SAUCE 2.98€
PLAQUETTE BEURRE D 1.08€
SAC POIGN 0.15€
TOMATE JAUNE BQ 250G 2.50€
14 ARTICLE(S) TOTAL A PAYER 25.19€
CARTE BANCAIRE EMV EUR 25.19€
0004 003 000106 28/10/2015 18:32:14
MERCI DE VOTRE VISITE
A BIENTOT
"
150,True,2015-11-09 12:39:05,0.6898333333333333,4.27,0.6681666666666666,"Carrefour
CRF-CITY LA ROCHELLE
33 RUE DE LA SCIERIE
17000 LA ROCHELLE
Tel : 05.46.27.02.12
DESCRIPTION QTE MONTANT
280G TAB PLT ORIEN 3.11€
BARQUET.ABRICOT LU 1.16€
2 ARTICLE(S) TOTAL A PAYER 4.27€
CARTE BANCAIRE EMV EUR 4.27€
0010 003 000137 09/11/2015 12:39:05
MERCI DE VOTRE VISITE
A BIENTOT
"
152,True,2016-09-09 11:58:59,0.6938,5.16,0.6682333333333333,"Carrefour
city
CRF-CITY LA ROCHELLE
33 RUE DE LA SCIERIE
17000 LA ROCHELLE
Tel : 05.46.27.02.12
DESCRIPTION QTE MONTANT
4X100GDESS.PANACHE 1.34€
CRF SALADE SAUMON 3.82€
2 ARTICLE(S) TOTAL A PAYER 5.16€
CARTE BANCAIRE EMV EUR 5.16€
0100 001 000020 09/09/2016 11:58:59
MERCI DE VOTRE VISITE
A BIENTOT
"
153,True,2016-11-07 12:18:34,0.6895666666666667,6.22,0.6681333333333334,"CRF-CITY LA ROCHELLE
33 RUE DE LA SCIERIE
17000 LA ROCHELLE
Tel : 05.46.27.02.12
DESCRIPTION QTE MONTANT
*BANANE 1.09€
0.550kg x 1.99€/kg
*COUSCOUS MAROCAINE 3.65€
*CREME CARAM.CRF X4 1.48€
3 ARTICLE(S) TOTAL A PAYER 6.22€
CARTE BANCAIRE EMV EUR 6.22€
0004 004 000123 07/11/2016 12:18:34
MERCI DE VOTRE VISITE
A BIENTOT
"
154,True,2016-09-08 12:05:01,0.7042999999999999,6.15,0.6682666666666667,"CRF-CITY LA ROCHELLE
33 RUE DE LA SCIERIE
17000 LA ROCHELLE
Tel : 05.46.27.02.12
DESCRIPTION QTE MONTANT
SALADI VENEZIA 4.23€
VACHE A BOIRE YRT 1.92€
2 ARTICLE(S) total a payer 6.15€
CB EMV SANS CONTACT EUR 6.15€
0001 003 000080 08/09/2016 12:05:01
MERCI DE VOTRE VISITE
A BIENTOT
"
161,True,2016-09-02 12:06:06,0.6893,7.23,0.6682666666666667,"Carrefour
city
CRF-CITY LA ROCHELLE
33 RUE DE LA SCIERIE
17000 LA ROCHELLE
Tel : 05.46.27.02.12
DESCRIPTION QTE MONTANT
320G  SLDE STOCKHOL 4.23€
BISCOTTES 1.08€
VACHE A BOIRE YRT 1.92€
3 ARTICLE(S) TOTAL A PAYER 7.23€
CARTE BANCAIRE EMV EUR 7.23€
0001 004 000152 02/09/2016 12:06:06
MERCI DE VOTRE VISITE
A BIENTOT
"
162,True,2016-09-05 12:01:19,0.6893,8.9,0.6683666666666667,"Carrefour
? CITY LA ROCHELLE
33 RUE DE LA SCIERIE
17000 LA ROCHELLE
Tel : 05.46.27.02.12
DESCRIPTION QTE MONTANT
180G  QUINOA BOULG 2.77€
PARMENTIER PATATES 4.14€
VACHE A BOIRE VANI 1.99€
3 ARTICLE(S) TOTAL A PAYER 8.90€
CB EMV SANS CONTACT EUR 8.90€
004 000123 05/09/2016 12:01:19
MERCI DE VOTRE VISITE
A BIENTOT
"
169,True,2017-01-13 16:58:07,0.6932,25.5,0.6681333333333334,"C City
CRF-CITY LA ROCHELLE
33 RUE DE LA SCIERIE
17000 LA ROCHELLE
Tel : 05.46.27.02.12
DESCRIPTION QTE MONTANT
*T BIERE X4 3x 6.50 25.50€
3 ARTICLE(S) TOTAL A PAYER 25.50€
CARTE BANCAIRE EMV EUR 25.50€
0001 002 000236 13/01/2017 16:58:07
MERCI DE VOTRE VISITE
A BIENTOT
"
172,True,2017-01-13 13:11:25,0.6936,1.75,0.6681,"city
CRF-CITY LA ROCHELLE
33 RUE DE LA SCIERIE
17000 LA ROCHELLE
Tel : 05.46.27.02.12
DESCRIPTION QTE MONTANT
*MADELEINE COQU.CRF 1.75€
1 ARTICLE(S) TOTAL A PAYER 1.75€
ESPECES EUR 10.00€
Votre Monnaie -8.25€
0006 004 000187 13/01/2017 13:11:25
MERCI DE VOTRE VISITE
A BIENTOT"
176,True,2017-01-04 19:27:05,0.6838666666666666,3.6,0.668,"contact
CONTACT LA ROCHELLE
170 AV EMILE NORMANDIN
17000 LA ROCHELLE
Tel : 05.46.07.74.44
DESCRIPTION QTE MONTANT
*EAU CRISTALINE X6 2x 1.08 2.16€
*TARTARE AFH 6 PORT 1.44€
3 ARTICLE(S) TOTAL A PAYER 3.60€
ESPECES EUR 20.00€*
Votre Monnaie -16.40€*
0002 002 000139 04/01/2017 19:27:05
LUNDI-SAMEDI : 08h-21h
DIMANCHE : Dès 9h...
"
177,True,2017-01-04 18:20:43,0.6878333333333333,3.93,0.6679666666666666,"CONTACT LA ROCHELLE
170 AV EMILE NORMANDIN
17000 LA ROCHELLE
Tel : 05.46.07.74.44
DESCRIPTION QTE MONTANT
*CURLY CACAHUETE 1.30€
*MME LOIK NATURE 1.64€*
*SAL MACHE BQ 0.99€*
3 ARTICLE(S) TOTAL A PAYER 3.93€
ESPECES EUR 50.00€
Votre Monnaie -46.07€
0001 001 000263 04/01/2017 18:20:43
LUNDI SAMEDI : 08h-21h
DIMANCHE : Dès 9h...
"
181,True,2017-01-19 13:04:35,0.6794666666666667,13.01,0.6675333333333333,"city
CARREFOUR CITY ORLEANS
1, RUE DU GRENIER A SEL
45000 ORLEANS
Tel : 02-38-62-06-88
DESCRIPTION QTE MONTANT
*200G CAROTTE RAPE BI 2x 1.60 3.20€
*80G CHOC NOIR 80% 1.08€
*F POMME CANADA 0.48€
0.170kg x 2.80€/kg
*F POMME ROYAL GALA 0.42€
0.168kg x 2.50€/kg
*POULET CHAMP NOIR 3.65€
*SAUMON OSEILLE/RIZ 4.18€
7 ARTICLE(S) TOTAL A PAYER 13.01€
CB EMV SANS CONTACT EUR 13.01€
Carte : 9135720000225515349
0001 005 000122 19/01/2017 13:04:35
MERCI DE VOTRE VISITE
A BIENTOT"
184,True,2017-01-26 12:35:05,0.6826333333333333,5.78,0.6675666666666668,"city
CARREFOUR CITY ORLEANS
1, RUE DU GRENIER A SEL
45000 ORLEANS
Tel : 02-38-62-06-88
DESCRIPTION QTE MONTANT
*90G MOELLEUX CHOCOLA 1.70€
*F POMME ROYAL GALA 0.43€
0.170kg x 2.50€/kg
*POULET CHAMP NOIR 3.65€
3 ARTICLE(S) TOTAL A PAYER 5.78€
ESPECES EUR 20.00€
Votre Monnaie -14.22€
Carte : 9135720000225515349
0001 005 000078 26/01/2017 12:35:05
MERCI DE VOTRE VISITE
A BIENTOT
"
185,True,2017-02-22 12:38:09,0.6815,7.91,0.6675666666666668,"CARREFOUR CITY ORLEANS
1, RUE DU GRENIER A SEL
45000 ORLEANS
Tel : 02-38-62-06-88
DESCRIPTION QTE MONTANT
*200G  CAROTTE RAPE BI 1.60€
*300G  CHILI CON CARNE 3.37€
*80G CHOC NOIR 80% 1.08€
*LAQUE FORTE 300ML CR 1.86€
4 ARTICLE(S) TOTAL A PAYER 7.91€
ESPECES EUR 7.95€
Votre Monnaie -0.04€
Carte : 9135720000225515349
0006 004 000178 22/02/2017 12:38:09
MERCI DE VOTRE VISITE
A BIENTOT
"
188,True,2017-02-04 20:02:02,0.7393666666666667,10.98,0.6684,"city
CRF CITY MAISONS LAFFITTE
13 AVE DU GLE DE GAULLE
78605 MAISONS LAFFITTE
Tel :
DESCRIPTION QTE MONTANT
*1OL HYGIENE PLUS C 5.79€
*12 RLX P.HY.3P CRF 4.39€
*BAGUETTE 0.80€
3 ARTICLE(S) TOTAL A PAYER 10.98€
CARTE BANCAIRE EMV EUR 10.98€
0001 003 000470 04/02/2017 20:02:02
MERCI DE VOTRE VISITE
ET A BIENTOT
"
189,True,2016-12-19 20:15:09,0.6936,4.63,0.6679333333333333,"CRF-CITY CHATELAILLON
38 BLD DE LA LIBERATION
17340 CHATELAILLON
Tel : 05.46.56.20.80
DESCRIPTION QTE MONTANT
BAGUETTE 250G 0.79€
*CRTE PVRON COR 1L 3.84€
2 ARTICLE(S) TOTAL A PAYER 4.63€
ESPECES EUR 20.00€
Votre Monnaie -15.37€
0016 004 000499 19/12/2016 20:15:09
Merci de votre visite
et à bientôt
"
191,True,2017-02-05 12:20:29,0.6821666666666667,59.42,0.6674666666666667,"city
CRF-CITY LA ROCHELLE/CRD
3/5 RUE DE CORDOUAN
17000 LA ROCHELLE
Tel : 05.46.41.42.00
DESCRIPTION QTE MONTANT
*12 RLX P.HY.3P CRF 4.39€
*180G  PATE CAMP RDF 1.91€
*1L LAIT FRAIS BIO 1.62€
*2 RLX ESS-TT CARF 2.37€
*300G  CERVELAS CRF 1.87€
*BEURRE BIO DOUX PL 2.19€
*80 1KG POT AU FEU 3.30€
*BUTTERNUT 3.75€
CHAMPIGNON VRAC 1.26€
0.265kg x 4.75€/kg
*CLEMENTINE FILET 1KG 2.20€
CREM.FRAICH.EP.BIO 0.86€
*DESSERT POM/POIRE 1.89€
*EMMENTAL RAPE CRF 1.67€
*FRUITS ET LEGUMES 0.99€
*GOUDA CUMIN 200-30 3.81€
*GRANA PADANO RAPE 1.74€
*KAKI PIECE 4x 0.75 3.00€
*LARDON.FUM.CRF X2 1.57€
*LOT 5 KIWIS 2.00€
*OIGNON JAUNE 0.21€
0.215kg x 0.99€/kg
*PATE BRISEE ETALEE 0.74€
*PC BQ SAUTE 400G 3.39€
0.3665 x 9.25€
*POIRE CONF BQ 1KG 1.70€
*POIVRON BICOLORE SCH 0.99€
*POMMES GRANNY 2.37€
1.100kg x 2.15€/kg
*RAVIOLI RIC.EPINAR 3.26€
*SPAGHETTI INTEGRAL 1.19€
*TOMATE CERISE BIO BQ 1.75€
*YAOURT A LA GRECQU 1.43€
32 ARTICLE(S) TOTAL A PAYER 59.42€
CARTE BANCAIRE EMV EUR 59.42€
Si vous aviez la carte fidélité,
vous auriez cumulé 0.22€ sur
votre compte fidélité Carrefour.
Détails:
Remise produits fide 0.15€
5% produits Carrefou 0.07€
0003 001 000047 05/02/2017 12:20:29
A BIENTOT
"
194,True,2017-01-28 13:07:39,0.6876666666666668,36.73,0.6677333333333333,"city
CRF-CITY LA ROCHELLE/CRD
3/5 RUE DE CORDOUAN
17000 LA ROCHELLE
Tel : 05.46.41.42.00
DESCRIPTION QTE MONTANT
*100G  EXCEL.NR AMAN 1.74€
*16X DOS CAFE EQUIL 2.11€
*1L BOISS.RIZ CRF B 1.99€
*2 RLX ESS-TT CARF 2.37€
*500G  MUESLI CROUST 3.13€
*AVOCAT 2x 1.45 2.90€
*BANANES 0 1.89€
0.920kg x 2.35€/kg
*BRETS CHIPS CRAQ. 1.23€
*CHAMPIGNON VRAC 2.49€
0.525kg x 4.75€/kg
*EXCELL.NOIR ORANGE 1.58€
*FLT.PLT JNE CRF X2 3.67€
0.2620 x 14.01€
*GALET RIZ COMP NAT 1.33€
*MANDARINE FILET BIO 4.40€
*SOUPE LEG.MOULINEE 2.95€
*STK HACHE XXL VBF 2.95€
16 ARTICLE(S) TOTAL A PAYER 36.73€
CARTE BANCAIRE EMV EUR 36.73€
0001 002 000296 28/01/2017 13:07:39
A BIENTOT
"
197,True,2017-01-18 18:42:35,0.6985,21.49,0.6680333333333334,"CRF-CITY LA ROCHELLE/CRD
3/5 RUE DE CORDOUAN
17000 LA ROCHELLE
Tel : 05.46.41.42.00
DESCRIPTION QTE MONTANT
*100G  CHIPS LEGUMES 2.39€
*75 CHILI RG CASILL 13.90€
*AMANDES DECORTIQUE 3.45€
*TOMATE CERISE BIO BQ 1.75€
4 ARTICLE(S) TOTAL A PAYER 21.49€
CARTE BANCAIRE EMV EUR 21.49€
0002 002 000451 18/01/2017 18:42:35
A BIENTOT
"
198,True,2015-12-03 18:53:01,0.6978,1.62,0.6681,"Carrefour
SARL MONTER DISTRIBUTION
9 PLACE CDT MOTTE ROUGE
17000 LA ROCHELLE
Tel : 05.46.41.77.00
DESCRIPTION QTE MONTANT
MAXI JBN.EMMENT.CR 1.62€
1 ARTICLE(S) TOTAL A PAYER 1.62€
ESPECES EUR 2.00€
Votre Monnaie -0.38€
0004 001 000330 03/12/2015 18:53:01
CARREFOUR CITY VOUS REMERCIE
"
201,True,2017-01-11 13:16:16,0.6852,3.18,0.6682666666666667,"city
SARL MONTER DISTRIBUTION
9 PLACE CDT MOTTE ROUGE
17000 LA ROCHELLE
Tel : 05.46.41.77.00
DESCRIPTION QTE MONTANT
*2X1/2 BAGU.PREC.CR 2x 0.51 1.02€
*ROCHER COCO 400G  S 2.16€
3 ARTICLE(S) TOTAL A PAYER 3.1O€
CARTE BANCAIRE EMV EUR 3.18€
0004 002 000202 11/01/2017 13:16:16
CARREFOUR CITY VOUS REMERCIE
"
204,True,1979-03-02 05:46:51,0.7346,25.68,0.5005666666666666,"Bienvenue chez
Carrefour 
ANGOULINS
TEL: 05 46 51 23 79
Lundi au samedi de 8h30 à 21h00
Reprise SELF SCANNING TRX: 02383335
DESIGNATION P.U x QTE MONTANT
4 NECTARINE BQ 1KG P 1.99
4 PAVE BI0 500G TR P 1.90
4 FILET DE SAUMON 10.85
4 CITRON JAUNE 500G 1.99
4 FROMAGE BLANC 20% 1.25
4 8X125G PANIER 0% F 2.37
4 FEUILLETEE ROULEE 0.67
4 SSA POM MANGUE 4X9 1.62
4 DESS.FRTS POM/PEC/ 1.62
4 300G BSICOTTE BRIO 1.42
Total Alimentaire 25.68
********************::-********-*****************
10 ARTICLES TOTAL A PAVER 25.68
***:********************************************
€ Cartes Bancaires 25.68
************************************-***********
Carte CARREFOUR 9135720000135856478
Bravo vous avez cumule
2.0
Vignette(s) par operation
999 9004511500371609081902
8.09.16 19:02 0045115 0037 415
J\'OPTIMISME
"
207,True,1979-03-02 05:46:51,0.7346333333333332,146.49,0.6675666666666668,"Bienvenue chez
Carrefour
ANGOULINS
TEL: 05 46 51 23 79
Lundi au samedi de 8h30 à 21h00
Reprise SELF SCANNING TRX: 02414487
DESIGNATION P.U x QTE MONTANT
4 400G CREPE JAMBON 5,00
4 X6 PERLES DE COCO 4,29
4 SCE SOJA SUCREE Kl 3,99
4 SAUCE WOK KIKOMAN 3,99
4 SAUCE POUR NEMS 0,99
4 HAKAO RAVIOLI SAUC 4,50
6 2X75CL CIDRE BRUT 5,00
Remise Immédiate 2,00-
4 PDA BAGUETTE SESAM 1,05
4 PAELLA CHAUD 6,20
4 KG PLT LABEL.R DOR 7,03
4 240G JBN SUP DD4 4,30
4 BONDUELL.MELI-MELO 1,70
4 1L COURGET.PARMESA 5,10
4 1L POTIR.LT COCO 4,80
4 CLEMENVIlLA 2KG 3,95
4 ORANGE MALTAISE 1,66
4 POIRE ABATE MDD VR 4,01
4 LITCHI 0,77
4 CITRON JAUNE VRAC 3,42
4 AUBERG FLT 500G 2,95
4 PCE POIVRON FLOU 1,50
4 NAVET BOULE OR 2,50
4 PCE BROCOLI FILME 0,99
4 COURGETTE 4,36
6 LITIERE MINERALE 1,42
4 VITTEL X675CL 2,04
4 C.COLA LIGHT X4 2,62
4 CAFE AMERICANO 4,59
4 36 DOS.SENSEO DOUX 3,68
4 TAILLEFINE BRASSE 2,35
4 BOIS.PAST. GRENADE 2,99
4 200G MELANGE GOURM 1,90
4 GIRASOLI GORGONZOL 2,99×2 5,98
Total Alimentaire 109,62
6 MOULE MANQUE 24CM 11,90
Remise Immédiate 2,38-
5 HERBE A CHAT 2,99
6 CHAUSSON FEMME TEX 9,99
6 CHAUSSON HOMME TEX 9,99
Total Non Alimentaire 32,49
38 ARTICLES TOTAL AVANT REMISES 146,49
TOTAL REMISE IMMEDIATE 4,38-
TOTAL DES AVANTAGES DU JOUR 4,38-
38 ARTICLES TOTAL A PAVER 142,11
€ Cartes Bancaires 142,11
Carte CARREFOUR 9135720000601085016
Bravo vous avez cumule
7.0
Vignette(s) par operation
27.01.17 18:08 0045111 0062 411
J’OPTIMISME
"
208,True,1979-03-02 05:46:51,0.7351,6.13,0.5009333333333333,"Bienvenue chez
Carrefour
ANGOULINS
TE1: 05 46 51 23 79
Lundi au samedi de 8h30 à 21hOO
DESIGNATION P.U x QTE MONTANT
4 MINI BEIGNET FRAMB 3,05
4 CEREALES XTREM CHO 3,08
Total Alimentaire 6,13
2 ARTICLES TOTAL A PAYER 6,13

€ Cartes Bancaires 6,13
9999004500300791701101801
10.01.17 18 01 0045 03 0079 217
J’OPTIMISME
"
210,True,1979-03-02 05:46:51,0.7340333333333333,86.29,0.5003666666666667,"Bienvenue chez
Carrefour
ANGOULINS
TEl: 05 46 51 23 79
Lundi au samedi de 8h30 à 21h00
Reprise SELF SCANNING TRX: 01280223
DESIGNATION P.U x QTE MONTANT
6 DLP MALLETTE DOC 25.49
6 CUISTO DINGO 20.90
6 SUPER SAND CASTLE 39.90
Total Non Alimentaire 86.29
3 ARTICLES TOTAL A PAYER 86.29
€ Cartes Bancaires 86.29
Carte CARREFOUR 9135720000125603575
Bravo vous avez cumule
8.0
Vignette(s) par operation
9999004511800381612091515
9.12.16 15:15 0045118 0038 416
J’OPTIMISME
Carrefour
ANGOULINS
TEl: 05 46 51 23 79
CARTE BANCAIRE
a0000000421010
CB
LE 09-12-16 A 15-15-35
CARREFOUR ANGOUL
17 ANGOULINS SME
2590744
45132133501914
19870
XXXXXXXXXXXX2083
6185faba47075267
118 002 118024 001160
C
MONTANT
86.29 EUR
Pour information:
566.03 FRF
DEBIT
TICKET CLIENT
A CONSERVER
"
214,True,2016-11-25 18:35:27,0.6783666666666667,123.61,0.6675333333333333,"Carrefour
market
Carrefour market AYTRE
Tel : 0546457320
Lundi au Samedi de 9h à 20h00
Dimanche 9h à 12h30
Rue Nicolas Gargot 17440 Aytré,
DESCRIPTION QTE MONTANT
10ST SUCRE VANILLE 2.35€
125G PL BEUR DX PR 1.10€
*16X VELOUTE NATURE 3.15€
*18X50G DANONINO PA 2.29€
1KG POT NUTELLA 4.79€
1L MARTINI ROSATO 7.75€
*1L PET JUS DE POM 2.10€
*1L REVEIL FRUITE 2.03€
300G BISCOTT.CRF 0.72€
450G SUCRE GLACE 1.47€
*500G PAIN DE MIE 1.09€
*ANDROS POMME NATUR 1.85€
*ANDROS POMME/POIRE 1.34€
*BAGUETTE 200G 2x 0.42 0.84€
*BRIOCHE TRESSEE 70 5.65€
*CHOUQUETTE X10 2x 1.00 2.00€
CONFITUR.MYRTILLES 2.03€
*EMMENTAL RAPE CRF 2x 1.41 2.82€
*FLT 1KG CLEMENTINE 1.69€
GALETTE LOT X 2 4.00€
HARRYS BRIOCHE TR. 2.19€
KINDER SCHOKOBONS 5.95€
LEFFE BIERE BLONDE 10.50€
LT2X205G NESTLE NR 3.75€
OEUFS BIO LOUE 2.94€
PLANTA FIN DOUX 25 0.93€
Q.FILTRE MAXWELL H 4.83€
*T.CERISE PX ROND 2.00€
THE AGRUMES LIPTON 1.71€
*TR0PICANA ORANGE 3.35€
*XTREM CHOCO NOISET 2x 2.98 5.96€
TOTAL ALIMENTAIRE 95.17€
1L DEBOUCH.DESTOP 1.97€
2 SAVONS DX LPO 2.12€
3L LESSIVE VEGETAL 11.08€
4 RLX P.H.CRF ECOP 2.26€
50ML DEO BIL.NAT.P 2x 4.04 8.08€
750ML ASS.ARBRE VT 2.93€
TOTAL BEAUTE / SANTE / HYGIENE 28.44€
42 ARTICLE(S) TOTAL A PAYER 123.61€
CARTE BANCAIRE EMV EUR 123.61€
0122 006 000105 25/11/2016 18:35:27
CARREFOUR MARKET AYTRE
Vous remercie de votre visite
A BIENTOT
Bravo vous avez cumule 12.
Vignette(s) par operation
"
216,True,2016-10-28 14:39:14,0.6790333333333334,12.82,0.6675333333333333,"Carrefour
mar?et
Carrefour market AYTRE
Tel : 0546457320
Lundi au Samedi de 9h à 20h00
Dimanche 9h à 12h39
Rue Nicolas Gargot 17440 Aytré.
DESCRIPTION QTE MONTANT
1KG SUCR.CANNE MCX ?€
BEURRE DOUX ** 2.45€
*N0IX CAJOU G NATUR 4.50€
*RAISIN SUL?ANINE 1.95€
TOTAL ALIMENTAIRE 10.89€
X14 SERV ULTRA LON 1.93€
TOTAL BEAUTE / SANTE / HYGIENE 1.93€
5 ARTICLE(S) TOTAL A PAYER 12.82€
CARTE BANCAIRE EMV EUR 12.82€
Carte : 9135720000616410787
0106 002 000347 28/10/2016 14:39:14
CARREFOUR MARKET AYTRE
Vous ?emercie de votre visite
A BIENTOT
Bravo vous avez cumul
Vignette(s) ?ar oper"
219,True,2014-12-04 18:10:54,0.6767333333333334,17.12,0.6675333333333333,"Carrefour
market
Carrefour market AYTRE
Tel : 0546457320
Lundi au Samedi de 9h à 20h00
Dimanche 9h à 12h30
Rue Nicolas Gargot 17440 Aytre.
DESCRIPTION QTE MONTANT
250G TORT RICOTTA 2.99€
MAL ALIMENTAIRE 2.99€
BAD SYST.BL.SIGNAL 2.73€
TOTAL BEAUTE / SANTE / HYGIENE 2.73€
4 LR03 HIGH TECH>A 5.70€
4 LR6 HIGH TECH 10 5.70€
TOTAL NON ALIMENTAIRE 11.40€
4 ARTICLE(S) TOTAL A PAYER 17.12€
CARTE BANCAIRE EMV EUR 17.12€
Carte : 9135720000126471733
0108 001 000075 04/12/2014 18:10:54
CARREFOUR MARKET AYTRE
Vous remercie de votre visite
A bientôt
Grace a vos achats 2.0
Vignette(s)"
222,True,2017-02-01 12:17:23,0.6854666666666667,14.48,0.6678000000000001,"Carrefour
market
Carrefour market AYTRE
Tel : 0546457320
Lundi au Samedi de 9h à 20h00
Dimanche 9h à 12h30
Rue Nicolas Gargot 17440 Aytré.
DESCRIPTION QTE NONTANT
250G  PL BEUR AOP 1.75€
*8X100G  GERVITA NAT 2.75€
AIGUIL.PLT PLT CRF 3.19€
CREME FRAICHE 20% 1.60€
*P.SUISS.GERVAIS X6 0.99€
*PETIT POIS CAROTTE 0.76€
*VIENNOIS CHOCOLAT 3.44€
TOTAL ALIMENTAIRE 14.48€
7 ARTICLE(S) TOTAL A PAYER 14.48€
CB EMV SANS CONTACT EUR 14.48€
0114 003 000198 01/02/2017 12:17:23
Solde ni repris ni échangé
CARREFOUR MARKET AYTRE
Vous remercie de votre visite
A BIENTOT
Bravo vous avez cumule 1.0
Vignette(s) par operation
"
224,True,2016-12-30 09:39:02,0.6878333333333333,11.73,0.6679333333333333,"Carrefour
market
Carrefour market AYTRE
Tel : 0546457320
Lundi au Samedi de 9h à 20h00
Dimanche 9h à 12h30
Rue Nicolas Gargot 17440 Aytré.
DESCRIPTION QTE MONTANT
GATEAU CHARENTAIS 3.53€
GUIGNETTE RINCE GO 8.20€
TOTAL ALIMENTAIRE 11.73€
2 ARTICLE(S) TOTAL A PAYER 11.73€
CHEQUE EUR 11.73€
0101 002 000028 30/12/2016 09:39:02
CARREFOUR MARKET AYTRE
Vous remercie de votre visite
A BIENTOT
Bravo vous avez cumule 1.0
Vignette(s) par operation
"
228,True,2016-01-20 18:06:41,0.6878,58.47,0.6675,"Carrefour
market
Carrefour market AYTRE
Tel : 0546457320
Lundi au Samedi de 9h à 20h00
Dimanche 9h à 12h30
Rue Nicolas Gargot 17440 Aytré.
DESCRIPTION QTE MONTANT
1/2 CONFIT AUBERGI 2.49€
1/2 QUENEL.VOLAIL. 1.75€
160G JBN SUP DD CR 1.98€
18 DOSET.CORSE CRF 1.80€
250G TORTELL.PESTO 2.97€
300G PRINCE CHOCOL 1.27€
400G PLP.TOMAT.BIO 1.27€
500G PAIN DE MIE 1.26€
500G RIZ SEMI CPLT 1.90€
500G TORSADE CRF 0.48€
6 OEUFS PLEIN AIR 1.52€
740G COMP.POMM.MCX 1.87€
8X125G VELOUTE NAT 1.99€
BISCOT.MULTI CEREA 1.0K
BOULE BLANCHE 1.35€
CAFE MAXWELL HOUSE 4.42€
CLEMENTINE MOYENNE 0.86€
CORDON BLEU DINDE 1.3l€
COURGETTE 0.60€
EMMENTAL RAPE CRF 1.45€
HUILE ISIO 4 MINI 1.92€
KIRI CREME X 12 2.28€
LAIT ECREME X6 CRF 5.16€
PETIT DEJEUNER CHO 2.23€
PIZZA 3 FROMAGES 1.30€
RATATOUILLE 1/4 2.06€
RAVIOLI PANZANI 1.14€
SAUCIS.LENTILL.CRF 0.94€
XTREM CHOCO NOISET 2.96€
TOTAL ALIMENTAIRE 53.56€
50ML DEO BIL.NAT.P 4.04€
MOUCHOIRS ETUI X6 0.87€
TOTAL BEAUTE / SANTE / HYGIENE 4.91€
31 ARTICLE(S) TOTAL A PAYER 58.47€
CARTE BANCAIRE EMV EUR 58.47€
0119 007 000151 20/01/2016 18:06:41
CARREFOUR MARKET AYTRE
Vous remercie de votre visite
A bientôt
Bravo vous avez cumule 5.0
Vignette(s) par operation
"
233,True,2016-11-30 18:00:21,0.678,18.96,0.6674666666666667,"Carrefour
market
Carrefour market AYTRE
Tel : 0546457320
Lundi au Samedi de 9h à 20h00
Dimanche 9h à 12h30
Rue Nicolas Gargot 17440 Aytré.
DESCRIPTION QTE MONTANT
*105G  DESHY SGM PDT 1.25€
100EUF.BI0 MOY.CRF 2.99€
*2L P.J.ORANGE CRF 2.29€
*PET 1.5L PASTEQUE 2.50€
*SPE CRME DE LEGUME 1.19€
TOTAL ALIMENTAIRE 10.22€
80 MAXI CARRES BB 2x 1.94 3.88€
LT DOUC.COQUELICOT 4.86€
TOTAL BEAUTE / SANTE / HYGIENE 8.74€
8 ARTICLE(S) TOTAL A PAYER 18.96€
CARTE BANCAIRE EMV EUR 18.96€
Carte : 9135720000125603575
******************************************
0122 003 000186 30/11/2016 18:00:21
CARREFOUR MARKET AYTRE
Vous remercie de votre visite
A BIENTOT
Bravo vous avez cumule 1.0
Vignette(s) par operation
"
235,True,2016-11-12 11:17:19,0.6778666666666667,10.2,0.6675333333333333,"Carrefour
market
Carrefour market AYTRE
Tel : 0546457320
Lundi au Samedi de 9h à 20h00
Dimanche 9h à 12h30
Rue Nicolas Gargot 17440 Aytré.
DESCRIPTION QTE MONTANT
*250G  SAUCISSON SEC 3.26€
*BUCHETTE SESAME 1.15€
*CHAMPIGNON PARIS 2.80€
*QUICHE LORRAINE 2.99€
TOTAL ALIMENTAIRE 10.20€
4 ARTICLE(S) TOTAL A PAYER 10.20€
CARTE BANCAIRE EMV EUR 10.20€
Carte : 9135720000125603575
0106 002 000128 12/11/2016 11:17:19
CARREFOUR MARKET AYTRE
Vous remercie de votre visite
A BIENTOT
Bravo vous avez cumule 1.0
Vignette(s) par operation
"
236,True,2016-12-08 10:00:49,0.6777,8.9,0.6675,"Carrefour 
market
Carrefour market AYTRE
Tel : 0546457320
Lundi au Samedi de 9h à 20h00
Dimanche 9h à 12h30
Rue Nicolas Gargot 17440 Aytré.
DESCRIPTION QTE MONTANT
*90G JBN PETITE TR 2.69€
*C0PPA CRF 100G 1.70€
*SCSS0N AIL SUP.CHP 1.67€
TOTAL ALIMENTAIRE 6.06€
SPONTEX GRAT EPGEX 2.84€
TOTAL BEAUTE / SANTE / HYGIENE 2.84€
4 ARTICLE(S) TOTAL A PAYER 8.90€
ESPECES EUR 50.00€
Votre Monnaie -41.10€
Carte : 9135720000016107124
0113 003 000016 08/12/2016 10:00:49
CARREFOUR MARKET AYTRE
Vous remercie de votre visite
A BIENTOT
"
237,True,2016-12-11 12:08:42,0.6854666666666667,12.19,0.6678666666666667,"Carrefour
market
Carrefour market AYTRE
Tel : 0546457320
Lundi au Samedi de 9h à 20h00
Dimanche 9h à 12h30
Rue Nicolas Gargot 17440 Aytré.
DESCRIPTION QTE MONTANT
*PAIN 6 CEREALES 1.50€
TOTAL ALIMENTAIRE 1.50€
BANDE CIRE BLONDEP 4.79€
TOTAL BEAUTE / SANTE / HYGIENE 4.79€
COLLANT DIM 5.90€
TOTAL NON ALIMENTAIRE 5.90€
3 ARTICLE(S) TOTAL A PAYER 12.19€
CARTE BANCAIRE EMV EUR 12.19€
0110 003 000381 11/12/2016 12:08:42
CARREFOUR MARKET AYTRE
Vous remercie de votre visite
A BIENTOT
Bravo vous avez cumule 1.0
Vignette(s) par operation
"
247,True,2016-12-16 19:05:07,0.6897,3.85,0.6678666666666667,"Carrefour 
market
Carrefour market AYTRE
Tel : 0546457320
Lundi au Samedi de 9h à 20h00
Dimanche 9h à 12h30
Rue Nicolas Gargot 17440 Aytré.
DESCRIPTION QTE MONTANT
6 OEUFS PLEIN AIR 1.55€
*PAIN AUX CEREALES 0.83€
*PUR JUS ORANGE CRF 1.47€
TOTAL ALIMENTAIRE 3.85€
3 ARTICLE(S) TOTAL A PAYER 3.85€
ESPECES EUR 20.00€
Votre Monnaie -16.15€
0104 002 000617 16/12/2016 19:05:07
CARREFOUR MARKET AYTRE
Vous remercie de votre visite
A BIENTOT
"
250,True,2017-01-25 17:00:59,0.6934,18.71,0.6675333333333333,"Carrefour
market
Carrefour market AYTRE
Tel : 0546457320
Lundi au Samedi de 9h à 20h00
Dimanche 9h à 12h30
Rue Nicolas Gargot 17440 Aytré.
DESCRIPTION QTE MONTANT
100G CREVETTES JUM 1.90€
300G CEREAL FAC DU 2.88€
*4X125G LA LTR LT E 1.29€
REMISE -0.39€
5ST LEVURE CHIMIQU 0.54€
*8 PORTIONS KIRI 1.42€
*93G THON NATUREL 1.43€
*FL 500G CITRON PP 1.19€
*PETITE CAROTTE ST 0.99€
*POIRE BQ 3FRT 0.99 0.99€
*PTIT POT CR. CHOCO 1.69€
*ST 1KG POM BICOLOR 0.99€
*ST BANANE P.PRIX 1.13€
*TROPICANA ORANGE 1.76€
TOTAL ALIMENTAIRE 17.81€
SACS POUB 30LX40 0.90€
TOTAL BEAUTE / SANTE / HYGIENE 0.90€
14 ARTICLE(S) TOTAL AVANT REMISES 19.10€
TOTAL REMISES IMMEDIATES -0.39€
TOTAL DES AVANTAGES DU JOUR -0.39€
14 ARTICLE(S) TOTAL A PAYER 18.71€
ESPECES EUR 20.00€
Votre Monnaie -1.29€
0120 007 000032 25/01/2017 17:00:59
Solde ni repris ni échangé
CARREFOUR MARKET AYTRE
Vous remercie de votre visite
A BIENTOT
Bravo vous avez cumule 1.0
Vignette(s) par operation
"
259,True,2017-07-06 11:40:36,0.6904333333333333,7.07,0.6681666666666666,"city
CRF-CITY LA ROCHELLE
33 RUE DE LA SCIERIE
17000 LA ROCHELLE
Tel : 05.46.27.02.12
DESCRIPTION QTE MONTANT
* 250 ???TTE CRF  1.00€
*DUO ???.CD 1.39€
*POMME ??? GROSSE 0.45€
0.180kg x 2.50€/kg
*SALADE VENEZIA 4.23€
4 ARTICLE(S) TOTAL A PAYER 7.07€
CB EMV SANS CONTACT EUR 7.07€
0 O7 003 000013 06/07/2017 11:40:36
MERCI DE VOTRE VISITE
A BIENTOT
"
267,True,2017-07-11 12:08:27,0.6896,4.4,0.6682,"City
CRF-CITY LA ROCHELLE
33 RUE DE LA SCIERIE
17000 LA ROCHELLE
Tel : 05.46.27.02.12
DESCRIPTION QTE MONTANT
*MELON CHARENTAIS GRO 2x 2.20 4.40€
2 ARTICLE(S) TOTAL A PAYER 4.40€
ESPECES EUR 5.00€ 
Votre Monnaie -0.60€
0100 001 000009 11/07/2017 12:08:27
MERCI DE VOTRE VISITE
A BIENTOT
"
271,True,2017-07-11 12:05:23,0.6896,8.61,0.6681666666666666,"city
CRF-CITY LA ROCHELLE
33 RUE DE LA SCIERIE
17000 LA ROCHELLE
Tel : 05.46.27.02.12
DESCRIPTION QTE MONTANT
*KINDER SCHOKOBONS 3.43€
*MLG OLIVE NOIR/VER 2.23€
*T0MATE JAUNE BQ 250G  2.95€
3 ARTICLE(S) TOTAL A PAYER 8.61€
CB EMV SANS CONTACT EUR 8.61€
0004 003 000123 11/07/2017 12:05:23
MERCI DE VOTRE VISITE
A BIENTOT
"
275,True,2017-02-17 11:15:17,0.6895666666666667,8.02,0.6679666666666666,"City
CRF-CITY LA ROCHELLE
33 RUE DE LA SCIERIE
17000 LA ROCHELLE
Tel : 05.46.27.02.12
DESCRIPTION QTE MONTANT
*180G CAROTTES RAPE 1.21€
*BANANE 0.35€
0.180kg x 1.95€/kg
*CLEMENTINE 1.24€
0.355kg x 3.50€/kg
*EAU CRISTALINE X6 1.20€
*ST JACQ.TORT.CREM. 4.02€
5 ARTICLE(S) TOTAL A PAYER 8.02€
CARTE BANCAIRE EMV EUR 8.02€
0003 002 000181 17/02/2017 11:15:17
MERCI DE VOTRE VISITE
A BIENTOT
"
276,True,2017-07-11 07:49:08,0.7051666666666667,6.9,0.6681,"city
CRF-CITY LA ROCHELLE
33 RUE DE LA SCIERIE
17000 LA ROCHELLE
Tel : 05.46.27.02.12
DESCRIPTION QTE MONTANT
*350G  COULOMMIE.CRF 1.78€
*BAGUETTE 250G 3x 0.84 2.52€
*CHOCOLATINE X 2 2x 1.30 2.60€
6 ARTICLE(S) TOTAL A PAYER 6.90€
CB EMV SANS CONTACT EUR 6.90€
0005 002 000060 11/07/2017 07:49:08
MERCI DE VOTRE VISITE
A BIENTOT
"
278,True,2017-02-14 12:54:54,0.6904,6.44,0.6681333333333334,"City
CRF-CITY LA ROCHELLE
33 RUE DE LA SCIERIE
17000 LA ROCHELLE
Tel : 05.46.27.02.12
DESCRIPTION QTE MONTANT
*CAROTTE RAPE BIO 1.60€
*CLEMENTINE 1.12€
0.350kg x 3.20€/kg
*EAU CRISTALINE X6 1.20€
*TAGLIAT.CARBONARA 2.52€
4 ARTICLE(S) TOTAL A PAYER 6.44€
CARTE BANCAIRE EMV EUR 6.44€
0001 004 000217 14/02/2017 12:54:54
MERCI DE VOTRE VISITE
A BIENTOT
"
279,True,2017-07-12 11:29:55,0.6908666666666666,8.34,0.6682,"ifrcitu
CRF-CITY LA ROCHELLE
33 RUE DE LA SCIERIE
17000 LA ROCHELLE
Tel : 05.46.27.02.12
DESCRIPTION QTE MONTANT
*180G  QUINOA BOULG 2.77€
*M.VITIES CHOC LAIT 1.7l€
*PT BEURRE CHOC.CRF 1.36€
*SALAD.ITAL.PAT/PLT 2.50€
4 ARTICLE(S) TOTAL A PAYER 8.34€
CARTE BANCAIRE EMV EUR 8.34€
0009 004 000078 12/07/2017 11:29:55
MERCI DE VOTRE VISITE
A BIENTOT
"
280,True,2017-07-12 11:50:53,0.6904333333333333,6.56,0.6681333333333334,"City
CRF-CITY LA ROCHELLE 
33 RUE DE LA SCIERIE
17000 LA ROCHELLE
Tel : 05.46.27.02.12
DESCRIPTION QTE MONTANT
*FOZZA POULET CHEVR 2.30€
*PIM\'S FRAMBOISE LU 1.31€
TOMATE JAUNE BQ 250G  2.95€
3 ARTICLE(S) TOTAL A PAYER 6.56€
CB EMV SANS CONTACT EUR 6.56€
0006 003 000142 12/07/2017 11:50:53
MERCI DE VOTRE VISITE
A BIENTOT
"
281,True,2017-06-22 07:42:58,0.6938,6.24,0.6682333333333333,"city
CRF-CITY LA ROCHELLE
33 RUE DE LA SCIERIE
17000 LA ROCHELLE
Tel : 05.46.27.02.12
DESCRIPTION QTE MONTANT
*CHOCOLATINE X4 + 1 G 2.60€
*GDS SAUC MOUTRD AN 3.64€
2 ARTICLE(S) TOTAL A PAYER 6.24€
CB EMV SANS CONTACT EUR 6.24€
0002 002 000036 22/06/2017 07:42:58
MERCI DE VOTRE VISITE
A BIENTOT
"
284,True,2017-07-10 12:45:51,0.6885,8.2,0.6679666666666666,"city
CRF-CITY LA ROCHELLE
33 RUE DE LA SCIERIE
17000 LA ROCHELLE
Tel : 05.46.27.02.12
DESCRIPTION QTE MONTANT
*20 FOURCHET 1.11€
*320G  SLD.MANHATTAN 3.74€
*BANANE 0.33€
0.170kg x 1.95€/kg
*CAROTTE RAPE BIO 1.60€
*NECTARINE A CHAIR BL 1.42€
0.365kg x 3.90€/kg
5 ARTICLE(S) TOTAL A PAYER 8.20€
CB EMV SANS CONTACT EUR 8.20€
0004 004 000202 10/07/2017 12:45:51
MERCI DE VOTRE VISITE
A BIENTOT
"
285,True,2017-01-20 12:48:33,0.6864,8.82,0.6679333333333333,"city
CRF-CITY LA ROCHELLE
33 RUE DE LA SCIERIE
17000 LA ROCHELLE
Tel : 05.46.27.02.12
DESCRIPTION QTE MONTANT
BANANE 0.45€
0.230kg x 1.95€/kg
CAROTTE RAPE BIO 1.60€
CLEMENTINE 1.49€
0.595kg x 2.50€/kg
COMME CHANTECLERC 1.36€
0.460kg x 2.95€/kg
*RIZ PLT INDIENNE U 3.92€
5 ARTICLE(S) TOTAL A PAYER 8.82€
CARTE BANCAIRE EMV EUR 8.82€
0012 004 000111 20/01/2017 12:48:33
MERCI DE VOTRE VISITE
A BIENTOT
"
287,True,2017-01-24 12:40:03,0.6936,5.42,0.6681666666666666,"city
CRF-CITY LA ROCHELLE
33 RUE DE LA SCIERIE
17000 LA ROCHELLE
Tel : 05.46.27.02.12
DESCRIPTION QTE MONTANT
*CAROTTE RAPE BIO 1.60€
*SALADE PATE JBON 3.82€
2 ARTICLE(S) TOTAL A PAYER 5.42€
CB EMV SANS CONTACT EUR 5.42€
0101 001 000017 24/01/2017 12:40:03
MERCI DE VOTRE VISITE
A BIENTOT
"
288,True,2017-01-30 12:55:11,0.6982333333333334,7.9,0.6680333333333334,"city
CRF-CITY LA ROCHELLE
33 RUE DE LA SCIERIE
17000 LA ROCHELLE
Tel : 05.46.27.02.12
DESCRIPTION QTE MONTANT
*350G  PT SALE LENT. 3.34€
*CAROTTE RAPE BIO 1.60€
*CLEMENTINE 1.76€
0.630kg x 2.80€/kg
*EAU CRISTALINE X6 1.20€
4 ARTICLE(S) TOTAL A PAYER 7.90€
CB EMV SANS CONTACT EUR 7.90€
0004 004 000136 30/01/2017 12:55:11
MERCI DE VOTRE VISITE
A BIENTOT
"
289,True,2017-02-08 12:29:14,0.6876666666666668,9.11,0.6679666666666666,"CRF-CHY LA ROCHELLE
33 RUE DE LA SCIERIE
17000 LA ROCHELLE
Tel : 05.46.27.02.12
DESCRIPTION QTE MONTANT
*350G  PT SALE LENT. 3.34€
*BANANE 0.40€
0.205kg x 1.95€/kg
*CAR0TTE RAPE BIO 1.60€
*CLEMENTINE 0.99€
0.355kg x 2.80€/kg
*EAU CRISTALINE X6 1.20€
*POMME CHANTECLERC 1.58€
0.535kg x 2.95€/kg
6 ARTICLE(S) TOTAL A PAYER 9.11€
CARTE BANCAIRE EMV EUR 9.11€
0002 003 000086 08/02/2017 12:29:14
MERCI DE VOTRE VISITE
A BIENTOT
"
293,True,2017-06-23 20:58:57,0.6797,52.31,0.6676,"city
CRF-CITY LA ROCHELLE
33 RUE DE LA SCIERIE
17000 LA ROCHELLE
Tel : 05.46.27.02.12
DESCRIPTION QTE MONTANT
*GUIGNETTE ROUGE 7.95€
*GUIGNETTE VERT 75CL 3x 7.95 23.85€
*LA ROCHELOISE BLONDE 3.95€
*PINEAU BLANC MONR. 8.06€
*T BIERE X4 8.50€
7 ARTICLE(S) TOTAL A PAYER 52.31€
CARTE BANCAIRE EMV EUR 52.31€
Carte : 9135720000218234957
0006 002 000217 23/06/2017 20:58:57
MERCI DE VOTRE VISITE
A BIENTOT
"
295,True,2017-07-13 12:12:39,0.6929,5.15,0.6680333333333334,"CRF-CITY LA ROCHELLE
33 RUE DE LA SCIERIE
17000 LA ROCHELLE
Tel : 05.46.27.02.12
DESCRIPTION QTE MONTANT
*320G SLDE ROMA JBN 3.74€
*CRISTALINE 1.5L 0.20€
*NECTARINE A CHAIR JA 0.62€
0.160kg x 3.90€/kg
*PECHE A CHAIR JAUNE 0.59€
0.150kg x 3.90€/kg
4 ARTICLE(S) TOTAL A PAYER 5.15€
CARTE BANCAIRE EMV EUR 5.15€
0002 002 000249 13/07/2017 12:12:39
MERCI DE VOTRE VISITE
A BIENTOT
"
302,True,2017-06-28 12:17:22,0.6896,9.58,0.6680666666666666,"city
CRF-CITY LA ROCHELLE
33 RUE DE LA SCIERIE
17000 LA ROCHELLE
Tel : 05.46.27.02.12
DESCRIPTION QTE MONTANT
*300G CAROTTES RAPE 1.69€
*MOUSSE AU CHOCOLAT 2x 3.11 6.22€
*TABOULE VOLAILLE 1.70€
4 ARTICLE(S) TOTAL A PAYER 9.58€
CB EMV SANS CONTACT EUR 9.58€
0006 003 000097 28/06/2017 12:17:22
MERCI DE VOTRE VISITE
A BIENTOT"
307,True,2017-02-22 11:58:32,0.6938,4.23,0.6682333333333333,"city
CRF-CITY LA ROCHELLE
33 RUE DE LA SCIERIE
17000 LA ROCHELLE
Tel : 05.46.27.02.12
DESCRIPTION QTE MONTANT
*320G  SLDE STOCKHOL 4.23€
1 ARTICLE(S) TOTAL A PAYER 4.23€
CB EMV SANS CONTACT EUR 4.23€
0002 004 000608 22/02/2017 11:58:32
MERCI DE VOTRE VISITE
A BIENTOT
"
309,True,2017-06-27 12:09:21,0.7038666666666666,6.06,0.6680666666666666,"city
CRF-CITY LA ROCHELLE
33 RUE DE LA SCIERIE
17000 LA ROCHELLE
Tel : 05.46.27.02.12
DESCRIPTION QTE MONTANT
BANANE 0.30€
0.155kg x 1.95€/kg
*CAROT.RAPE/TABOULE 1.95€
*FOZZA CHORIZO POIV 2.30€
SABLES TOUT CHOCO 1.51€
4 ARTICLE(S) TOTAL A PAYER 6.06€
CB EMV SANS CONTACT EUR 6.06€
0004 004 000117 27/06/2017 12:09:21
MERCI DE VOTRE VISITE
A BIENTOT
"
310,True,2017-06-27 12:08:53,0.7041666666666667,7.24,0.6682,"city
CRF-CITY LA ROCHELLE
33 RUE DE LA SCIERIE
17000 LA ROCHELLE
Tel : 05.46.27.02.12
DESCRIPTION QTE MONTANT
*BUDDHA BOL PATATE 5.50€
*SDW TRI JBN CHEDDA 1.74€
2 ARTICLE(S) TOTAL A PAYER 7.24€
CB EMV SANS CONTACT EUR 7.24€
0004 004 000116 27/06/2017 12:08:53
MERCI DE VOTRE VISITE
A BIENTOT
"
312,True,2017-03-03 11:54:28,0.6904,7.83,0.6681666666666666,"CRF-CITY LA ROCHELLE
33 RUE DE LA SCIERIE
17000 LA ROCHELLE
Tel : 05.46.27.02.12
DESCRIPTION QTE MONTANT
*115G GAL.MAIS BIO 0.91€
*CRF SALADE SAUMON 3.32€
*DESS.FRTS POM/PEC/ 1.68€
*VACHE A BOIRE YRT 1.92€
4 ARTICLE(S) TOTAL A PAYER 7.83€
CB EMV SANS CONTACT EUR 7.83€
0002 004 000026 03/03/2017 11:54:28
MERCI DE VOTRE VISITE
A BIENTOT
"
313,True,2017-06-27 11:50:47,0.7054333333333334,5.66,0.668,"CRF-CITY LA ROCHELLE
33 RUE DE LA SCIERIE
17000 LA ROCHELLE
Tel : 05.46.27.02.12
DESCR?PTION QTE MONTANT
*DESS.?OMMES SS CRF 0.93€
*PARMENTIER CANARD 4.73€
2 ARTICLE(S) TOTAL A PAYER 5.66€
ESPECES EUR 20.00€
Votre Monnaie -14.34€
0010 003 000048 27/06/2017 11:50:47
MERCI DE VOTRE VISITE
A BIENTOT
"
314,True,2017-06-12 11:52:17,0.6902333333333334,6.92,0.6681333333333334,"C city
CRF-CITY LA ROCHELLE
33 RUE DE LA SCIERIE
17000 LA ROCHELLE
Tel : 05.46.27.02.12
DESCRIPTION QTE MONTANT
*250G  TABOULE FRUIT 3.04€
*25CL INNOCENT AMAN 2.20€
*DESS.FRTS POM/PEC/ 1.68€
3 ARTICLE(S) TOTAL A PAYER 6.92€
CB EMV SANS CONTACT EUR 6.92€
0007 004 000081 12/06/2017 11:52:17
MERCI DE VOTRE VISITE
A BIENTOT
"
315,True,2017-03-01 11:47:32,0.6882666666666666,9.0,0.6681,"CRF-CITY LA ROCHELLE
33 RUE DE LA SCIERIE
17000 LA ROCHELLE
Tel : 05.46.27.02.12
DESCRIPTION QTE MONTANT
*4X100GDESS.PANACHE 1.34€
*COUSCOUS CRF 440G  3.26€
*INNOCENT MANG/PASS 2.20 4.40€
4 ARTICLE(S) TOTAL A PAYER 9.00€
CB EMV SANS CONTACT EUR 9.00€
0005 002 000164 01/03/2017 11:47:32
MERCI DE VOTRE VISITE
A BIENTOT
"
317,True,2017-05-15 11:56:29,0.6943,5.99,0.6680333333333334,"City
CRF-CITY LA ROCHELLE
33 RUE DE LA SCIERIE
17000 LA ROCHELLE
Tel : 05.46.27.02.12
DESCRIPTION QTE MONTANT
*1L ORANGE CRF DISC 1.01€
*DESS.FRTS POM/PEC/ 1.68€
*SALADE SAUMON FUME 3.30€
3 ARTICLE(S) TOTAL A PAYER 5.99€
CB EMV SANS CONTACT EUR 5.99€
Si vous aviez la carte fidélité,
vous auriez cumulé 0.33€ sur
votre compte fidélité Carrefour.
Détails:
Remise produits fid? 0.33€
0004 004 000076 15/05/2017 11:56:29
MERCI DE VOTRE VISITE
A BIENTOT
"
319,True,2017-04-26 12:30:36,0.7060333333333333,6.68,0.6682333333333333,"C city
CRF-CITY LA ROCHELLE
33 RUE DE LA SCIERIE
17000 LA ROCHELLE
Tel : 05.46.27.02,12
DESCRIPTION QTE MONTANT
*DESS POMMES SS CRF 0.93€
*SALADl PLT LIBANAI 3.09€
*WRAP ACON UFS TO 2.66€
3 ARTICLE(S) TOTAL A PAYER 6.68€
CB ENV SANS CONTACT EUR 6.68€
0 04 003 000179 26/04/2017 12:30:36
MERCI DE VOTRE VISITE
A BIENTOT
"
323,True,2017-06-22 11:47:35,0.6938,8.64,0.6681666666666666,"C city
CRF-CITY LA ROCHELLE
33 RUE DE LA SCIERIE
17000 LA ROCHELLE
Tel : 05.46.27.02.12
DESCRIPTION QTE MONTANT
*180G QUINOA BOULG 2.77€
*VACHE A BOIRE VANI 2.07€
*WRAP POULET CURRY 3.80€
3 ARTICLE(S) TOTAL A PAYER 8.64€
CB EMV SANS CONTACT EUR 8.64€
*0?06 003 000012 22/06/2017 11:47:35
MERCI DE VOTRE VISITE
A BIENTOT
"
329,True,2017-05-18 11:58:05,0.6932333333333334,4.94,0.6680666666666666,"City
CRF-CITY LA ROCHELLE
33 RUE DE LA SCIERIE
17000 LA ROCHELLE
Tel : 05.46.27.02.12
DESCRIPTION QTE MONTANT
*COUSCOUS CRF 440G  3.26€
*DESS.FRTS POM/PEC/ 1.68€
2 ARTICLE(S) TOTAL A PAYER 4.94€
CARTE BANCAIRE EMV EUR 4.94€
Si vous aviez la carte fidélité,
vous auriez cumulé 0.33€ sur
votre compte fidélité Carrefour.
Détails:
Remise produits fid? 0.33€
0010 002 000235 18/05/2017 11:58:05
MERCI DE VOTRE VISITE
A BIENTOT
"
336,True,2017-05-22 15:28:09,0.6932333333333334,4.39,0.6682,"city
CRF-CITY LA ROCHELLE
33 RUE DE LA SCIERIE
17000 LA ROCHELLE
Tel : 05.46.27.02.12
DESCR?PTION QTE MONTANT
*200G  ? OUMMOUS CRF 1.79€
*CONCOMBRE 1.10€
*PETIT ECOL.CHOC.LT 1.50€
3 ARTICLE(S) TOTAL A PAYER 4.39€
CB EMV SANS CONTACT EUR 4.39€
0?07 003 000104 22/05/2017 15:28:09
MERCI DE VOTRE VISITE
A BIENTOT
"
340,True,2017-06-20 18:41:40,0.6864,11.18,0.668,"City
CRF-CITY LA ROCHELLE
33 RUE DE LA SCIERIE
17000 LA ROCHELLE
Tel : 05.46.27.02.12
DESCRIPTION QTE MONTANT
*72 LING.BB FRESH 1.96€
*BOULGOUR LENTILLE 3.04€
*CHIFFONNADE JB SEC 2.60€
*NECTARINE A CHAIR JA 1.38€
0.395kg x 3.50€/kg
*TOMATE JAUNE BQ 250G 2.20€
5 ARTICLE(S) TOTAL A PAYER 11.18€
CARTE BANCAIRE EMV EUR 11.18€
0009 002 000212 20/06/2017 18:41:40
MERCI DE VOTRE VISITE
A BIENTOT"
341,True,2017-06-03 09:20:51,0.6858000000000001,14.76,0.6679666666666666,"city
CRF-CITY LA ROCHELLE
33 RUE DE LA SCIERIE
17000 LA ROCHELLE
Tel : 05.46.27.02.12
DESCRIPTION QTE MONTANT
*1L HOVE BIO NX CRF 6.50€
*500G  SPAGHETTI BIO 1.25€
*75CL SIR.GRENA CRF 1.70€
*MOZZARELLA CRF 0.84€
*PANSEMENT X20 CRF 1.78€
*PIZZA MOZZAR.RISTO 2.69€
6 ARTICLE(S) TOTAL A PAYER 14.76€
CB EMV SANS CONTACT EUR 14.76€
Si vous aviez la carte fidélité,
vous auriez cumulé 0.13€ sur
votre compte fidélité Carrefour.
Détails:
5% produits Carrefou 0.13€
0002 002 000094 03/06/2017 09:20:51
MERCI DE VOTRE VISITE
A BIENTOT
"
345,True,2017-06-08 11:51:54,0.6908666666666666,5.98,0.6681666666666666,"City
CRF-CITY LA ROCHELLE
33 RUE DE LA SCIERIE
17000 LA ROCHELLE
Tel : 05.46.27.02.12
DESCRIPTION QTE MONTANT
*CAROT.RAP.CRF 300G  0.70€
*MOUSSE AU CHOCOLAT 3.11€
*TABOULE POULET ROT 2.17€
3 ARTICLE(S) TOTAL A PAYER 5.98€
CB EMV SANS CONTACT EUR 5.98€
0001 004 000096 08/06/2017 11:51:54
MERCI DE VOTRE VISITE
A BIENTOT
"
347,True,2017-03-09 16:29:34,0.6938,3.21,0.6681666666666666,"city
CRF-CITY LA ROCHELLE
33 RUE DE LA SCIERIE
17000 LA ROCHELLE
Tel : 05.46.27.02.12
DESCRIPTION QTE MONTANT
*72 LING.BB FRESH 1.96€
*BAGUETTE 250G 0.84€
*EAU SCE MONTAG.CRF 0.31€
*SAC CAISSE PAPIER 0.10€
4 ARTICLE(S) TOTAL A PAYER 3.21€
CARTE BANCAIRE EMV EUR 3.21€
0006 004 000419 09/03/2017 16:29:34
MERCI DE VOTRE VISITE
A BIENTOT
"
348,True,2017-06-18 10:02:19,0.6812666666666667,22.78,0.6678333333333333,"city
CRF-CITY LA ROCHELLE
33 RUE DE LA SCIERIE
17000 LA ROCHELLE
Tel : 05.46.27.02.12
DESCRIPTION QTE MONTANT
*16 MINI BLINIS CRF 1.16€
*180G FETA BIO CRF 2.85€
*200G  HOUMMOUS CRF 1.86€
*4X115G  LES 2 VACHE 1.81€
*CHAMPIGNONS BRUNS 25 1.95€
*CONCOMBRE BIO 1.20€
*COOKIE CH0C0/NOUGA 0.81€
*COUSCOUS SEMI COMP 1.58€
*FRUITS ET LEGUMES 2.50€
*LT 1/2E.BI0 CRF 1L 1.05€
*MOZZARELLA BIO CRF 1.17€
*PET 1.25L EAU GAZ 0.57€
*ROQUETTE 125G  CRF 1.77€
*TOMATES GRAPPE COCKT 2.50€
14 ARTICLE(S) TOTAL A PAYER 22.78€
CARTE BANCAIRE EMV EUR 22.78€
0006 004 000065 18/06/2017 10:02:19
MERCI DE VOTRE VISITE
A BIENTOT
"
359,True,2017-05-22 11:58:33,0.7051666666666667,5.16,0.6682,"city
CRF-CITY LA ROCHELLE
33 RUE DE LA SCIERIE
17000 LA ROCHELLE
Tel : 05.46.27.02.12
DESCRIPTION QTE MONTANT
*320G  SLDE STOCKHOL 4.23€
*DESS.POMMES SS CRF 0.93€
2 ARTICLE(S) TOTAL A PAYER 5.16€
CB EMV SANS CONTACT EUR 5.16€
0006 004 000100 22/05/2017 11:58:33
MERCI DE VOTRE VISITE
A BIENTOT
"
362,True,2017-06-07 11:47:37,0.6908666666666666,7.82,0.6681666666666666,"city
CRF-CITY LA ROCHELLE
33 RUE DE LA SCIERIE
17000 LA ROCHELLE
Tel : 05.46.27.02.12
DESCRIPTION QTE MONTANT
*150G SDW TR.POLAIR 3.37€
*180G QUINOA BOULG 2.77€
*DESS.FRTS POM/PEC/ 1.68€
3 ARTICLE(S) TOTAL A PAYER 7.82€
CB EMV SANS CONTACT EUR 7.82€
0004  004 000065 07/06/2017 11:47:37
MERCI DE VOTRE VISITE
A BIENTOT

"
363,True,2017-06-22 19:05:30,0.6932333333333334,10.44,0.6681666666666666,"city
CRF-CITY LA ROCHELLE
33 RUE DE LA SCIERIE
17000 LA ROCHELLE
Tel : 05.46.27.02.12
DESCRIPTION QTE MONTANT
*KINDER SCHOKOBONS 3.43€
*PETIT BATON BERGER 2.61€
*TOMATES COEUR DE PIG 2x 2.20 4.40€
4 ARTICLE(S) TOTAL A PAYER 10.44€
CARTE BANCAIRE EMV EUR 10.44€
0001 004 000537 22/06/2017 19:05:30
MERCI DE VOTRE VISITE
A BIENTOT"
365,True,2017-05-22 14:19:58,0.6936,4.62,0.6681666666666666,"city
CRF-CITY LA ROCHELLE
33 RUE DE LA SCIERIE
17000 LA ROCHELLE
Tel : 05.46.27.02.12
DESCRIPTION QTE MONTANT
*COLESLAW 1.81€
*SDW.BACON OEUF 1.58€
*X16 CHOCOLAT BN 1.23€
3 ARTICLE(S) TOTAL A PAYER 4.62€
CB EMV SANS CONTACT EUR 4.62€
0006 004 000269 22/05/2017 14:19:58
MERCI DE VOTRE VISITE
A BIENTOT
"
366,True,2017-05-22 11:52:12,0.6932333333333334,8.86,0.668,"City
CRF-CITY LA ROCHELLE
33 RUE DE LA SCIERIE
17000 LA ROCHELLE
Tel : 05.46.27.02.12
DESCRIPTION QTE MONTANT
*500G  CAROT.RAP.CRF 1.17€
*PARMENTIER DE CABI 4.11€
*SABLE? DES PRES 1.51€
*VACHE A BOIRE VANI 2.07€
4 ARTICLE(S) TOTAL A PAYER 8.86€
ESPECES EUR 10.00€
Votre Monnaie -1.14€
0007 003 000027 22/05/2017 11:52:12
MERCI DE VOTRE VISITE
A BIENTOT
"
367,True,2017-05-25 10:08:04,0.6965333333333333,20.85,0.6674666666666667,"city
CRF-CITY LA ROCHELLE
33 RUE DE LA SCIERIE
17000 LA ROCHELLE
Tel : 05.46.27.02.12
DESCRIPTION QTE MONTANT
*380G  ?NOCCHI NATUR 1.10€
*4 OEUFS B10 GROS 1.58€
*4X 95?LES 2 VACHE 1.67€
*500G  PAGHETTI BIO 1.25€
*BAGUE?TE 250G 0.84€
* BQ TO?ATE CERISE BIO 1.80€
*BRI0C?E TRANCHEE 1.91€
* CONCO?BRE 0.95€
*EMMEN .RAP.BIO CRF 1.25€
*LT 1/? E.BIO CRF 1L 1.05€
*MOZZA?ELLA CRF 0.84€
*PET 1?25L EAU GAZ 0.57€
*P0IVR?N DOUX BIO 1.95€
*ROQUE?TE 125G CR? 1.77€
*SUCRE BLONVILLIERS 2.32€

15 ARTICLE(S) TOTAL A PAYER 20.85€
CARTE BANCAIRE EMV EUR 20.85€
Si vous aviez la carte fidélité,
vous auriez cumulé 0.10€ sur
votre compte fidélité Carrefour
Details:
5% produits Carrefou 0.10€
0?04 003 000031 25/05/2017 10:08:04
0 04 003 000031 2515/2017
MERCI DE VOTRE VISITE
A BIENTOT
"
369,True,2017-05-30 12:44:42,0.6987666666666666,6.75,0.668,"city
CRF-CITY LA ROCHELLE
33 RUE DE LA SCIERIE
17000 LA ROCHELLE
Tel : 05.46.27.02.12
DESCRIPTION  QTE MONTANT
*320G  : LD.MANHATTAN 3.74€
*BANANA 0.30€
0.155kg x 1.95€/kg
*EAU CHISTALINE X6 1.20€
*NECTARINE A CHAIR JA 1.51€
0.335kg x 4.50€/kg
4 ARTICLE(S) TOTAL A PAYER 6.75€
CB EMV SANS CONTACT EUR 6.75€
0003 003 000117 30/05/2017 12:44:42
MERCI DE VOTRE VISITE
A BIENTOT
"
372,True,2017-05-03 11:52:45,0.6908666666666666,8.0,0.6679,"City
CRF-CITY LA ROCHELLE
33 RUE DE LA SCIERIE
17000 LA ROCHELLE
Tel : 05.46.27.02.12
DESCRIPTION QTE MONTANT
*320G  SAL.MONTMARTR 3.74€
*BANANE 0.29€
0.150kg x 1.95€/kg
*CAROTTE RAPE BIO 1.60€
*ORANGE 0.79€
0.315kg x 2.50€/kg
*POMME CHANTECLERC 1.58€
0.535kg x 2.95€/kg
5 ARTICLE(S) TOTAL A PAYER 8.00€
CB EMV SANS CONTACT EUR 8.00€
0010 004 000086 03/05/2017 11:52:45
MERCI DE VOTRE VISITE
A BIENTOT
"
374,True,2017-05-29 19:14:18,0.6785666666666667,6.02,0.6676,"City
CRF-CITY LA ROCHELLE
33 RUE DE LA SCIERIE
17000 LA ROCHELLE
Tel : 05.46.27.02.12
DESCRIPTION QTE MONTANT
*AVOCAT 1.50€
*CONCOMBRE 0.95€
*EVIAN NEW 1.5L 0.59€
*PUNAISE COULEUR 1.22€
*YRT VERRE VANILLE 1.76€
5 ARTICLE(S) TOTAL A PAYER 6.02€
ESPECES EUR 7.02€
Votre Monnaie -1.00€
Carte : 9135720000611175773
0005 002 000332 29/05/2017 19:14:18
MERCI DE VOTRE VISITE
A BIENTOT
"
375,True,2017-06-06 11:43:58,0.6908666666666666,4.3,0.6683,"citu
CRF-CITY LA ROCHELLE
33 RUE DE LA SCIERIE
17000 LA ROCHELLE
Tel : 05.46.27.02.12
DESCRIPTION QTE MONTANT
*CHILI CON CARNE CR 3.37€
*DESS.POMMES SS CRF 0.93€
2 ARTICLE(S) TOTAL A PAYER 4.30€
CARTE BANCAIRE EMV EUR 4.30€
0003 004 000069 06/06/2017 11:43:58
MERCI DE VOTRE VISITE
A BIENTOT
"
382,True,2017-05-05 13:25:44,0.6990666666666666,3.06,0.6682666666666667,"city
CRF-CITY LA ROCHELLE
33 RUE DE LA SCIERIE
17000 LA ROCHELLE
Tel : 05.46.27.02.12
DESCRIPTION QTE MONTANT
*300G  RINCE VANILL 1.36€
*VACH. UI RIT 12P0R 1.70€
2 A?TICLE(S) TOTAL A PAYER 3.06€
ESPECES EUR 20.00€
Votre Monnaie -16.94€
Si vous aviez la carte fidélité,
vous auriez cumulé 0.20€ sur
votre compte ?idélité Carrefour.
Détails:
Remise pro?its fid? 0.20€
0 09 003 ?????? 05/05/2017 13:25:44
MERCI DE VOTRE VISITE
A BIENTOT
"
384,True,2017-03-30 18:00:58,0.6804,1.68,0.6676666666666667,"city
CRF-CITY LA ROCHELLE
33 RUE DE LA SCIERIE
17000 LA ROCHELLE
Tel : 05.46.27.02.12
DESCRIPTION QTE MONTANT
*100G  AM/MYRT.LINDT 1.66€
1 ARTICLE(S) TOTAL A PAYER 1.68€
CB EMV SANS CONTACT EUR 1.68€
Carte : 9135720000154805398
0010 002 000317 30/03/2017 18:00:58
MERCI DE VOTRE VISITE
A BIENTOT
"
391,True,2017-05-12 17:11:08,0.6833,11.71,0.6680333333333334,"city
CRF-CITY LA ROCHELLE
33 RUE DE LA SCIERIE
17000 LA ROCHELLE
Tel : 05.46.27.02.12
DESCRIPTION QTE MONTANT
*75 BDX ROS CAF ML 3.89€
*KINDER SCHOKOBONS 4.87€
*TOMATE JAUNE BQ 250G  2.95€
3 ARTICLE(S) TOTAL A PAYER 11.71€
CB EMV SANS CONTACT EUR 11.71€
0011 004 000436 12/05/2017 17:11:08
MERCI DE VOTRE VISITE
A BIENTOT
"
394,True,2017-04-20 19:16:07,0.6789333333333334,5.79,0.6677333333333333,"CRF-CITY LA ROCHELLE
33 RUE DE LA SCIERIE
17000 LA ROCHELLE
Tel : 05.46.27.02.12
DESCRIPTION QTE MONTANT
*OLIVE DENOYAUTEE 2.84€
*TOMAT? JAUNE BQ 250G  2.95€
2 ARTICLE(S) TOTAL A PAYER 5.79€
CARTE BANCAIRE EMV EUR 5.79€
?arte : 9135720000154805398
003 000273 20/04/2017 19:16:07
MERCI DE VOTRE VISITE
A BIENTOT
"
395,True,2017-05-10 18:36:25,0.6757333333333333,6.81,0.6675666666666668,"city
CRF-CITY LA ROCHELLE
33 RUE DE LA SCIERIE
17000 LA ROCHELLE
Tel : 05.46.27.02.12
DESCRIPTION QTE MONTANT
*350G AUCE PROVENC 1.48€
*CHAMP GNONS BRUNS 25 1.95€
*MOZZA BOULE GALBAN 2x 1.06 2.12€
*PAT.P ZZA CRF 260G 1.26€
5 ARTICLE(S) TOTAL A PAYER 6.81€
CB EMV SANS CONTACT EUR 6.81€
Si vous avez souscrit au programme
fidelité Carrefour, vous cumulez
0.54€ sur votre compte fidélité.
Tarte : 9135720000154805398
Détails:
*50% sur le 2e fid 0.54€
0013 003 000349 10/05/2017 18:36:25
MERCI DE VOTRE VISITE
A BIENTOT
"
397,True,2017-05-04 12:25:45,0.6943,11.11,0.6681,"city
CRF-CITY LA ROCHELLE 
33 RUE DE LA SCIERIE
17000 LA ROCHELLE
Tel : 05.46.27.02.12
DESCR PTION QTE MONTANT
*8XD0S SENSEO CAPP. 2.99€
*GOUTE DORE CACAO 1.22€
*PARME TIER CANARD 4.73€
*SAC C ISSE PAPIER 0.10€
*VACHE A BOIRE VANI 2.07€
5 ATICLE(S) TOTAL A PAYER 11.11€
CB EMV SANS CONTACT EUR 11.11€
0 08 003 000090 04/05/2017 12:25:45
MERCI DE VOTRE VISITE
A BIENTOT
"
398,True,2017-05-02 11:51:51,0.6904333333333333,6.86,0.6681666666666666,"city
CRF-CITY LA ROCHELLE
33 RUE DE LA SCIERIE
17000 LA ROCHELLE
Tel : 05.46.27.02.12
DESCRIPTION QTE MONTANT
*COUSCOUS CRF 440G  3.26€
*SEL DE GUERANDE 1.61€
*VACHE A BOIRE VANI 1.99€
3 ARTICLE(S) TOTAL A PAYER 6.86€
CB EMV SANS CONTACT EUR 6.86€
0003 004 000117 02/05/2017 11:51:51
MERCI DE VOTRE VISITE
A BIENTOT
"
399,True,2017-05-03 11:20:04,0.6779333333333333,14.76,0.6674666666666667,"city
CRF-CITY LA ROCHELLE
33 RUE DE LA SCIERIE
17000 LA ROCHELLE
Tel : 05.46.27.02,12
DESCRIPTION QTE MONTANT
*6 OEU? PLEIN AIR G 1.75€
*AUBERGINE 0.56€
0.285kg x 1.95€/kg
*BANAN? 1.32€
0.675kg x 1.95€/kg
*BISC. OJA ORANGE 2.04€
*CAROT E 1.15€
0.960kg x 1.20€/kg
*COURG?ETTE 0.81€
0.540kg x 1.50€/l<g
*0IGN0N JAUNE FLT 1KG 1.40€
*TAMPAX COMPAK SUP. 3.81€
*T0MAT? GRAPPE 1.92€
0.600kg x 3.20€/kg
9 ARTICLE(S) TOTAL A PAYER 14.76€
CARTE BANCAIRE EMV EUR 14.76€
Carte : 9135720000562689855
0?04 003 000039 03/05/2017 11:20:04
MERCI DE VOTRE VISITE
A BIENTOT"
402,True,2015-10-08 09:13:10,0.6902,1.71,0.6682666666666667,"Carrefour
city
CRF-CITY LA ROCHELLE
33 RUE DE LA SCIERIE
17000 LA ROCHELLE
Tel : 05.46.27.02.12
DESCRIPTION QTE MONTANT
100G CHOCOLA.NOIR 1.09€*
EAU SCE MONTAG.CRF 2x 0.31 0.62€
3 ARTICLE(S) TOTAL A PAYER 1.71€
CARTE BANCAIRE EMV EUR 1.71€
0006 004 000079 08/10/2015 09:13:10
MERCI DE VOTRE VISITE
A BIENTOT"
405,True,2017-03-20 18:01:28,0.6940333333333334,3.9,0.6682,"CRF-CITY LA ROCHELLE
33 RUE DE LA SCIERIE
17000 LA ROCHELLE
Tel : 05.46.27.02.12
DESCRIPTION QTE MONTANT
* 250 GR BAGUETTE CRF 1.00€
*8P 1L LAIT 1/2ECRE 2x 0.86 1.72€
*COOKIES TT CHOCO 0.98€
*CRISTALINE 1.5L 0.20€
5 ARTICLE(S) TOTAL A PAYER 3.90€
CARTE BANCAIRE EMV EUR 3.90€
0007 003 000373 20/03/2017 18:01:28
MERCI DE VOTRE VISITE
A BIENTOT"
409,True,2017-04-28 11:55:14,0.6897333333333333,12.29,0.6680666666666666,"CRF-CITY LA ROCHELLE
33 RUE DE LA SCIERIE
17000 LA ROCHELLE
Tel : 05.46.27.02.12
DESCR?PTION QTE MONTANT
*BUDDH  BOL FALAFEL 5.50€
*C00K?S CHOCO 184G 1.89€
*POMEL? ROSE PIECE 0.95€
*POMME BIO X4 3.95 €
4A?RTICLE(S) TOTAL A PAYER 12.29€
CARTE BANCAIRE EMV EUR 12.29€
0?11 003 000023 28/04/2017 11:55:14
MERCI DE VOTRE VISITE
A BIENTOT
"
413,True,2017-04-24 11:46:48,0.7051666666666667,9.74,0.6681333333333334,"CRF-CITY LA ROCHELLE
33 RUE DE LA SCIERIE
17000 LA ROCHELLE
Tel : 05.46.27.02.12
DESCRIPTION QTE MONTANT
*180G  QUINOA B0ULG 2.77€
*DESS.FRTS POM/PEC/ 1.68€
*SALADE SAUMON FUME 3.30€
*VACHE A BOIRE VANI 1.99€
4 ARTICLE(S) TOTAL A PAYER 9.74€
CB EMV SANS CONTACT EUR 9.74€
0001 004 000104 24/04/2017 11:46:48
MERCI DE VOTRE VISITE
A BIENTOT
"
414,True,2016-11-12 14:27:16,0.6853333333333333,12.77,0.6679333333333333,"city
CRF-CITY LA ROCHELLE
33 RUE DE LA SCIERIE
17000 LA ROCHELLE
Tel : 05.46.27.02.12
DESCRIPTION QTE MONTANT
*1L LT 1/2EC LACTEL 0.93€
*240G BROWNIES INDI 2.26€
*4X100G  YOPA FR 2.08€
*CRISTALINE 1.5L 0.20€
*LIQUIDE VSL CITRON 1.13€
*OEUFS BIO X6 RDF 2.15€
*RIZ LONG GRAIN U.B 1.91€
*TROPICANA ORANGE 2.11€
8 ARTICLE(S) TOTAL A PAYER 12.77€
CARTE BANCAIRE EMV EUR 12.77€
0003 002 000324 12/11/2016 14:27:16
MERCI DE VOTRE VISITE
A BIENTOT
"
417,True,2017-01-16 17:48:23,0.6882333333333334,3.39,0.6680666666666666,"city
CRF-CITY LA ROCHELLE
33 RUE DE LA SCIERIE
17000 LA ROCHELLE
Tel : 05.46.27.02.12
DESCRIPTION QTE MONTANT
*4X115 RIZ AU LAIT 1.43€
*P.J.MULTIFRUITS 1L 1.96€
2 ARTICLE(S) TOTAL A PAYER 3.39€
ESPECES EUR 5.00€
Votre Monnaie -1.61€
0007 003 000265 16/01/2017 17:48:23
MERCI DE VOTRE VISITE
A BIENTOT
"
419,True,2017-04-07 13:07:26,0.6873333333333332,9.89,0.6680333333333334,"city
CRF-CITY LA ROCHELLE
33 RUE DE LA SCIERIE
17000 LA ROCHELLE
Tel : 05.46.27.02.12
DESCRIPTION QTE MONTANT
*320G  ?AL.MONTMARTR 3.74€
*BANANE 0.27€
0.140kg x 1.95€/kg
*CAROT?E RAPE BIO 1.60€
*CLEMENTINE 1.66€
0.520kg x 3.20€/kg
*EAU CRISTALINE X6 1.20€
*POMME CHANTECLERC 1.42€
0.480kg x 2.95€/kg
6 ARTICLE(S) TOTAL A PAYER 9.89€
CARTE BANCAIRE EMV EUR 9.89€
0?01 003 000142 07/04/2017 13:07:26
MERCI DE VOTRE VISITE
A BIENTOT
"
421,True,2017-03-28 12:23:14,0.7047,7.9,0.6678666666666667,"CRF-CITY LA ROCHELLE
33 RUE DE LA SCIERIE
17000 LA ROCHELLE
Tel : 05.46.27.02.12
DESCRIPTION QTE MONTANT
*200G TABOULE ORIEN 1.37€
*320G  SALADE ANTIBE 3.74€
*BANANE 0.34€
0.175kg x 1.95€/kg
CLEMENTINE 1.30€
0.440kg x 2.95€/kg
*POMME CHANTECLERC 1.15€
0.390kg x 2.95€/kg
5 ARTICLE(S) TOTAL A PAYER 7.90€
CB EMV SANS CONTACT EUR 7.90€
0006 004 000134 28/03/2017 12:23:14
MERCI DE VOTRE VISITE
A BIENTOT
"
423,True,2017-04-08 19:21:26,0.6932,10.83,0.668,"CRF-CITY LA ROCHELLE
33 RUE DE LA SCIERIE
17000 LA ROCHELLE
Tel : 05.46.27.02.12
DESCRIPTION QTE MONTANT
*200G TZATZIKI CRF 1.81€
*240G  BROWNIE TT CH 2.67€
*BAGUETTE 250G 0.84€
*TOMATE CERISES 0.99€
*X4 M.SUBITE BLC 4.52€
5 ARTICLE(S) TOTAL A PAYER 10.83€
CB EMV SANS CONTACT EUR 10.83€
0007 002 000422 08/04/2017 19:21:26
MERCI DE VOTRE VISITE
A BIENTOT
"
424,True,2017-04-13 20:51:33,0.6990333333333334,5.67,0.6682,"CRF-CITY LA ROCHELLE
33 RUE DE LA SCIERIE
17000 LA ROCHELLE
Tel : 05.46.27.02.12
DESCRIPTION QTE MONTANE
*PIZZ.?HEV.CRF 440G  2.90€
*PIZZA MOZZAR.RISTO 2.69€
2 ARTICLE(S) TOTAL A PAYER 5.67€
CB EMV SANS CONTACT EUR 5.67€
0?05 003 000496 13/04/2017 20:51:33
MERCI DE VOTRE VISITE
A BIENTOT
"
426,True,2017-04-18 18:38:02,0.6982666666666666,5.67,0.6681,"city
CRF-CITY LA ROCHELLE
33 RUE DE LA SCIERIE
17000 LA ROCHELLE
Tel : 05.46.27.02.12
DESCRIPTION QTE MONTANT
*BANANE 1.05€
0.540kg x 1.95€/kg
*PT ST VARIETE MX 1.65€
*SDW TRI JBN CHEDDA 1.74€
*X16 CHOCOLAT BN 1.23€
4 ARTICLE(S) TOTAL A PAYER 5.67€
CARTE BANCAIRE EMV EUR 5.67€
0002 004 000374 18/04/2017 18:38:02
MERCI DE VOTRE VISITE
A BIENTOT
"
430,True,2017-02-24 18:59:16,0.6976666666666667,2.26,0.6682666666666667,"city
CRF-CITY LA ROCHELLE
33 RUE DE LA SCIERIE
17000 LA ROCHELLE
Tel : 05.46.27.02.12
DESCRIPTION QTE MONTANT
*1L LT 1/2EC LACTEL 2x 0.93 1.86€
*CRISTALINE 1.5L 2x 0.20 0.40€
4 ARTICLE(S) TOTAL A PAYER 2.26€
CARTE BANCAIRE EMV EUR 2.26€
0001 004 000507 24/02/2017 18:59:16
MERCI DE VOTRE VISITE
A BIENTOT
"
432,True,2017-04-03 18:57:52,0.6878333333333333,11.18,0.6679,"CRF-CITY LA ROCHELLE
33 RUE DE LA SCIERIE
17000 LA ROCHELLE
Tel : 05.46.27.02.12
DESCRIPTION QTE MONTANT
*175G  PESTO RUSTICO 2.10€
*250G TORTELL.PESTO 3.2K
*500G  COQUILL.CRF 0.63€
*500G  PAIN DE MIE 1.20€
*BAGUETTE 250G  0.84€
*EMMENTAL RAPE CRF 1.54€
*TERRINE CANARD CRF 1.66€
7 ARTICLE(S) TOTAL A PAYER 11.18€
CARTE BANCAIRE EMV EUR 11.18€
Si vous aviez la carte fidélité,
vous auriez cumulé 0.03€ sur
votre compte fidélité Carrefour.
Détails:
5% produits Carrefou 0.03€
0001 004 000513 03/04/2017 18:57:52
MERCI DE VOTRE VISITE
A BIENTOT
"
433,True,2017-04-03 16:56:11,0.6812666666666667,21.35,0.6675333333333333,"city
CRF-CITY LA ROCHELLE
33 RUE DE LA SCIERIE
17000 LA ROCHELLE
Tel : 05.46.27.02.12
DESCR PT ION QTE MONTANT
*250G AVIOLE COMTE 3.19€*
*300G IEMONTAI.JBN 1.57€*
*8XD0S SENSEO CAPP. 2.99€*
*BAGUE TE 250G  0.84€
*HARRY AMS NATURE 1.16€
*MAOUE EAUX SAUPIQU 1.80€
*SAUMO FUME NORVEG 6.44€
*TABOULE VOLAILLE 1.70€
*TERRTINE CANARD CRF 1.66€
9 ARTICLE(S) TOTAL A PAYER 21.35€
CARTE BANCAIRE EMV EUR 21.35€
Si vous avez souscrit au programme
fidélité Carrefour, vous cumulez
0.08€ sur votre compte fidélité.
Carte : 9135720000401467000
Détails:
5% produits Carrefou 0.08€
0 05 003 000420 03/04/2017 16:56:11
MERCI DE VOTRE VISITE
A BIENTOT
"
434,True,2017-03-15 09:27:36,0.6805333333333333,4.56,0.6676666666666667,"city
CRF-CITY
33 RUE DE LA SCIERIE
17000 LA ROCHELLE
el : 05.46.27.02.12
DESCRIPTION QTE MONTANT
*320G  ?LDE STOCKHOL 4.23€
*BANANE  0.33€
0.170kg x 1.95€/kg
2 ARTICLES(S) TOTAL A PAYER 4.56€
CB EMV SANS CONTACT EUR 4.56€
Carte: 9135720000154805398
?02 003 000005 15/03/2017 09:27:36
MERCI ?E"
435,True,2017-03-24 09:42:05,0.6976666666666667,9.57,0.6678666666666667,"city
CRF-CITY LA ROCHELLE
33 RUE DE LA SCIERIE
17000 LA ROCHELLE
Tel : 05.46.27.02.12
DESCRIPTION QTE MONTANT
BEURRE 810 1/2 SEL 2.28€
BRIOCHE CARREFOUR 1.48€
BRK 1L PJ ORANGE 2.07€
LT 1/2E.BI0 CRF 1L 1.05€
PIZZA MOZZAR.RISTO 2.69€
5 ARTICLE(S) TOTAL A PAYER 9.57€
ESPECES 50.00€
Votre Monnaie -40.43€
Si vous aviez la carte fidelité,
vous auriez cumulé 0.05€ sur
votre compte fidélité Carrefour.
Details:
5% produits Carrefou 0.05€
0001 004 000013 24/03/2017 09:42:05
MERCI DE VOTRE VISITE
A BIENTOT
"
440,True,2017-03-30 16:07:43,0.7051666666666667,2.19,0.6683333333333333,"city
CRF-CITY LA ROCHELLE
33 RUE DE LA SCIERIE
17000 LA ROCHELLE
Tel : 05.46.27.02.12
DESCRIPTION QTE MONTANT
*SAL BATAVIA 1.20€
*SAL LAITUE ICEBERG O.99€
2 ARTICLE(S) TOTAL A PAYER 2.19€
CARTE BANCAIRE EMV EUR 2.19€
0006 004 000342 30/03/2017 16:07:43
MERCI DE VOTRE VISITE
A BIENTOT
"
443,True,2017-03-14 08:03:40,0.6934,16.92,0.6681333333333334,"city
CRF-CITY LA ROCHELLE
33 RUE DE LA SCIERIE
17000 LA ROCHELLE
Tel : 05.46.27.02.12
DESCRIPTION QTE MONTANT
*32 DOS SENSEO INT. 5.82€
*CAFE / SOLUBLE / 5.04€
*POISSON ANDALOUSE 3.85€
*POMME ROYAL GALA 0.88€
0.350kg x 2.50€/kg
*YRT DE BREBIS NATU 1.33€
=========================
5 ARTICLE(S) TOTAL A PAYER 16.92€
=========================
CARTE BANCAIRE EMV EUR 16.92€
0004 002 000050 14/03/2017 08:03:40
MERCI DE VOTRE VISITE
A BIENTOT"
444,True,2017-03-05 10:06:33,0.6782,2.53,0.6677,"T?
ilfrcitu?
*à?
CRF-CITY LA ROCHELLE
33 RUE DE LA SCIERIE
17000 LA ROCHELLE
Tel : 05.46.27.02.12
DESCRIPTION QTE MONTANT
*POMME CHAHTECLERC 1.36€
0.460kg x 2.95t/Kg
*RIZ BASMATI 1.17€
2 ARTICLE(S) TOTAL À PAYER 2.53€
CB EMV SANS CONTACT EUR 2.53€
Carte : 9135720000154805398
0(09 003 000037 05/03/2017 10:06:33
MERCI DE VOTRE VISITE
A BIENTOT
"
445,True,2017-03-14 11:04:03,0.6929,7.78,0.6681,"city
CRF-CITY LA ROCHELLE
33 RUE DE LA SCIERIE
17000 LA ROCHELLE
Tel : 05.46.27.02.12
DESCRIPTION QTE MONTANT
*CAROTTE RAPE BIO 1.60€
*PETIT BEURRE BIO 1 1.33€
*POMME GOLDEN GROSSE 0.62€
0.215kg x 2.90€/kg
*SALADE VENEZIA 4.23€
4 ARTICLE(S) TOTAL A PAYER 7.78€
CB EMV SANS CONTACT EUR 7.78€
0001 004 000083 14/03/2017 11:04:03
MERCI DE VOTRE VISITE
A BIENTOT
"
446,True,2017-03-14 13:01:47,0.6932,4.23,0.6683333333333333,"City
CRF-CITY LA ROCHELLE
33 RUE DE LA SCIERIE
17000 LA ROCHELLE
Tel : 05.46.27.02.12
DESCRIPTION QTE MONTANT
*SALADE VENEZIA 4.23€
1 ARTICLE(S) TOTAL A PAYER 4.23€
CARTE BANCAIRE EMV EUR 4.23€
0004 002 000243 14/03/2017 13:01:47
MERCI DE VOTRE VISITE
A BIENTOT
"
455,True,2017-02-28 12:01:25,0.7047,7.15,0.6681333333333334,"city
CRF-CHY LA ROCHELLE
33 RUE DE LA SCIERIE
17000 LA ROCHELLE
Tel : 05.46.27.02.12
DESCRIPTION QTE MONTANT
*300G ?ACHIS PARMEN 2.32€
*DESS.?OMM.FRAI.CRF 0.92€
*N0UILLES JAP.POUL. 1.92€
*VACHE A BOIRE VANI 1.99€
4 ARTICLE(S) TOTAL A PAYER 7.15€
CB EMV SANS CONTACT EUR 7.15€
0004 003 000090 28/02/2017 12:01:25
MERCI DE VOTRE VISITE
A BIENTOT"
456,True,2017-03-02 12:07:13,0.6893333333333334,5.73,0.6682666666666667,"city
CRF-CCT LA ROCHELLE 
33 RUE DE LA SCIERIE
17000 LA ROCHELLE
Tel : 05.46.27.02.12
DESCRIPTION QTE MONTANT
*320G  ? LD.MANHATTAN 3.74€
*VACHE A BOIRE VANI 1.39€
2 ARTICLE(S) TOTAL A PAYER 5.73€
CB ENV SANS CONTACT EUR 5.73€
0?10 003 000056 02/03/2017 12:07:13
MERCI DE VOTRE VISITE
A BIENTOT"
459,True,2017-03-02 13:34:46,0.6904,1.4,0.6682666666666667,"CRF-CITY LA ROCHELLE
33 RUE DE LA SCIERIE
17000 LA ROCHELLE
Tel : 05.46.27.02.12
DESCRIPTION QTE MONTANT
*50CL ARIZONA 1.40€
1 ARTICLE(S) TOTAL A PAYER 1.40€
CB EMV SANS CONTACT EUR 1.40€
0004 004 000236 02/03/2017 13:34:46
MERCI DE VOTRE VISITE
A BIENTOT
"
461,True,2017-03-03 08:30:04,0.6783666666666667,6.14,0.6676333333333333,"CRF-CITY LA ROCHELLE
33 RUE DE LA SCIERIE
17000 LA ROCHELLE
Tel : 05.46.27.02.12
DESCRIPTION QTE MONTANT
*150G G?LE?T? 2.13€
*320G  SALADE ANTIBE 3.74€
*BANANE 0.27€
0.140kg x 1.95€/kg
3 ARTICLE(S) TOTAL A PAYER 6.14€
CB EMV SANS CONTACT EUR 6.14€
Carte : 9135720000154805398
0009 002 000052 03/03/2017 08:30:04
MERCI DE VOTRE VISITE
A BIENTOT
"
462,True,2017-02-22 12:01:47,0.6897,6.15,0.6682666666666667,"CRF-CITY LA ROCHELLE
33 RUE DE LA SCIERIE
17000 LA ROCHELLE
Tel : 05.46.27.02.12
DESCRIPTION QTE MONTANT
*320G  SLDE ROMA JBN 3.74€
*LEGUME DU SUD 1L 2.41€
2 ARTICLE(S) TOTAL A PAYER 6.15€
CARTE BANCAIRE EMV EUR 6.15€
0002 004 000612 22/02/2017 12:01:47
MERCI DE VOTRE VISITE
A BIENTOT
"
474,True,2017-06-14 19:29:36,0.6728333333333333,77.7,0.6674,"Carrefour
market
Carrefour market AYTRE
Tel : 0546457320
Lundi au Samedi de 9h à 20h00
Dimanche 9h à 12h30
Rue Nicolas Gargot 17440 Aytré,
DESCRIPTION QTE MONTANT
*6X CANDIA C 10M-3A 3.14€
*CEREAL.BABIVANILLE 2.72€
*LAIT UHT 1/2ECREME 2x 6.48 12.96€
REMISE -3.24€
*PTIT ONCTUEUX FRAI 2.33€
TOTAL ALIMENTAIRE 17.91€
12 INCO SERV NIGHT 2x 8.05 16.10€
REMISE -12.14€
ALWAYS INCONT NORM 2x 4.09 8.18€
ARIEL LIQ 23D ORIG 2x 7.50 15.00€
CREME LIFT+ SUBLIM 8.65€
X86 T4 BD PAMPERS 26.00€
TOTAL BEAUTE / SANTE / HYGIENE 61.79€
TOTAL REMISES IMMEDIATES -15.38€
BON DE REDUCTION EUR -2.00€
TOTAL DES AVANTAGES DU JOUR -17.38€
13 ARTICLE(S) TOTAL A PAYER 77.70€
CARTE BANCAIRE EMV EUR 77.70€
Carte 9135720000540182064
0123 008 000305 14/06/2017 19:29:36
Solde ni repris ni échangé
CARREFOUR MARKET AYTRE
Vous remercie de votre visite
A BIENTOT
Sous-vêtements ni repris ni échangés
Bravo vous avez cumule 7
vignette(s) par operation
"
475,True,2017-05-11 12:17:15,0.6774333333333333,18.59,0.6674666666666667,"Carrefour
market
Carrefour market AYTRE
Tel : 0546457320
Lundi au Samedi de 9h à 20h00
Dimanche 9h à 12h30
Rue Nicolas Gargot 17440 Aytré.
DESCRIPTION QTE MONTANT
45? POUD.INST.CAR 1.64€
*85?G YAB SAV FRAI 1.30€
* ?RICUBE NATURX24 1.60€
?GUETTE 250G 0.50€
? 1L JUS ABC 1.14€
? 1KG ORANGE 0.99€
? OURT FRUITS RGES 1.88€
? ALIMENTAIRE 9.05€
COUSSINETS ALLAIT 3.20€
X22 Tl NB PAMPERS 2x 3.17 6.34€
TOTAL BEAUTE / SANTE / HYGIENE 9.54€
10 ARTICLE(S) TOTAL A PAYER 18.59€
CARTE BANCAIRE EMV EUR 18.59€
Carte : 9135720000583301902
0110 009 000094 11/05/2017 12:17:15
Solde ni repris ni échangé
CARREFOUR MARKET AYTRE
Vous remercie de votre visite
A BIENTOT
Sous-vêtements ni repris ni échangés
Bravo vous avez c?
?ette(s) ?
"
476,True,2017-05-14 11:41:55,0.6779000000000001,22.68,0.6674666666666667,"Carrefour
market
Carrefour market AYTRE
Tel : 0546457320
Lundi au Samedi de 9h à 20h00
Dimanche 9h à 12h30
Rue Nicolas Gargot 17440 Aytré.
DESCRIPTION QTE MONTANT
*1/5 THON ENTIER 2x 0.89 1.78€
250G M.GR.A TARTIN 1.00€
*400G FROMAGE FONDU 2.21€
*850G  YAB SAV FRAI 1.30€
BISC.CH0C0 LAIT CF 2x 0.84 1.68€
*BQ PECHE 3F -1EUR0 2x 0.99 1.98€
*DANAO ORANGE BAN/F 2.24€
FOURRE RD CHOC.CRF 0. 94€
*MINT DOONY\'S CHOCG ??
*PAIN MIE CARREFOUR 1.50€
SARDINE ATLANTIQUE 2.93€
*?? BANANE P.PRIX 0.84€
*YAOURT FRUITS RGES 1.88€
TOTAL ALIMENTAIRE 22.68€
17 ARTICLE(S) TOTAL A PAYER 22.68€
CARTE BANCAIRE EMV EUR 22.68€
Carte : 9135720000583301902
0107 005 000053 14/05/2017 11:41:55
Solde ni repris ni échangé
CARREFOUR MARKET AYTRE
Vous remercie de votre visite
A BIENTOT
Sous-vêtements ni repris ni échangés
??? cumule 2.0
??? operation
"
478,True,2017-05-07 09:50:17,0.6799333333333333,35.58,0.6676,"Carrefour
market
Lundi au Samedi de 9h à 20h00
Dimanche 9h à 12h30
Rue Nicolas Gargot 17440 Aytré.
DESCRIPTION QTE MONTANT
*200G COEUR COMPLIC 1.74€
*850 YAB SAV FRAI 1.30€
*900ML JUS P0M/FRAM 2.49€
*CAROTTE EXTRA 0.63€
*DANAO ORANGE BAN/F 2.24€
FILET MERLAN ?
KG ESCALOP DDE HAL ?
KNORR DOUCEUR ITAL ?
MICRO DONUTS CHOCO ?
MICRO DONUTS CHOCO ?
MICRO DONUTS ROSE ?
MINI DONUTS CHOCO 1.93€
? 0.75€
? 1.75€
TOMATE ? 3.07€
VACHE QUI RIT 1.39€
YAOURTS FRUITS MIX 1.88€
TOTAL ALIMENTAIRE 35.58€
18 ARTICLE(S) TOTAL A PAYER 35.58€
CARTE BANCAIRE EMV EUR 35.58€
Carte : 9135720000583301902
0109 008 000035 07/05/2017 09:50:17
Solde ni repris ni échangé
CARREFOUR MARKET AYTRE
Vous remercie de votre visite
A BIENTOT
Sous-vêtements ni repris ni échangés
Bravo vous avez cumule 3.0
Vignette(s) par operation"
480,True,2017-04-01 13:11:52,0.6858000000000001,45.41,0.6675333333333333,"Carrefour market AYTRE
Tel : 0546457320
Lundi au Samedi de 9h à 20h00
Dimanche 9h à 12h30
Rue Nicolas Gargot 17440 Aytré.
DESCRIPTION QTE MONTANT
*1/2 HARICOT BLANC 0.61€
*1/4 THON ALBA.PREC 1.54€
*300G  LT ECR.REGILA 1.94€
*550G  MAXI SSA JAC 1.59€
6 OEUF GROS EXTRA 1.14€
*DANETTE NOIR EXTRA 1.00€
*DESS.FR.P0MM/BANAN 1.22€
*EMMENTAL FRANCAIS 3.42€
*FL 500G  CITRON PP 1.19€
*FLAN X2 2.00€
*FR.FRAIS 0%MG CRF 1.51€
FUSILLI CPLTE 500G  0.98€
GAUFRETTES CHOCO 0.82€
*G0LDEN GROSSE 1.25€
KG ESCALOP DDE HAL 3.57€
KG POULET HALAL BL 5.66€
*KIWI PIECE 5x 0.30 1.50€
REMISE -0.51€
*LEGUME DU SUD 1L 2.15€
*PASTIN MULTICEREAL 1.90€
*PIZZA FOUR 4FR0MAG 2.49€
*P0IRE 4 FRUITS 0.99€
*PUR JUS ORANGE CRF 1.47€
*ST BANANE P.PRIX 1.29€
*T.CERISE PX ROND 2.00€
TOTAL ALIMENTAIRE 42.72€
2X FA MEN DC PULSE 4.48€
REMISE -1.79€
TOTAL BEAUTE / SANTE / HYGIENE 2.69€
29 ARTICLE(S) TOTAL AVANT REMISES 47.71€
TOTAL REMISES IMMEDIATES -2.30€
TOTAL DES AVANTAGES DU JOUR -2.30€
29 ARTICLE(S) TOTAL A PAYER 45.41€
CARTE BANCAIRE EMV EUR 45.41€
0118 003 000170 01/04/2017 13:11:52
Solde ni repris ni échangé
CARREFOUR MARKET AYTRE
Vous remercie de votre visite
A BIENTOT
GRAND JEU ANNIVERSAIRE 2.0
jeton(s) offert(s).
"
481,True,2017-05-31 17:41:59,0.6858000000000001,28.16,0.6677666666666667,"Carrefour
market
Carrefour market AYTRE
Tel : 0546457320
Lundi au Samedi de 9h à 20h00
Dimanche 9h à 12h30
Rue Nicolas Gargot 17440 Aytré.
DESCRIPTION QTE MONTANT
1.5K STERILISE PLT  6.20€
260G RIC0RE NESTLE   4.25€
*PAIN CEREALES BIO 2.25€
*P0IRE WILLIAM VRT 3.99€
RICORE 100G 2.09€
*TOMATE CERISE IMP 0.99€
*YRT BRASSE 0% 1.62€
TOTAL ALIMENTAIRE 21.39€
4KG SEL REGEN.SUN 3.26€
6RLX PH XXL BLC AQ 3.51€
TOTAL BEAUTE / SANTE / HYGIENE 6.77€
9 ARTICLE(S) TOTAL A PAYER 28.16€
CARTE BANCAIRE EMV EUR 28.16€
0125 013 000036 31/05/2017 17:41:59
Solde ni repris ni échangé
CARREFOUR MARKET AYTRE
Vous remercie de votre visite
A BIENTOT
Sous-vêtements ni repris ni échangés
Bravo vous avez cumule 2.0
Vignette(s) par operation
"
482,True,2017-04-05 14:14:09,0.6774333333333333,3.92,0.6675666666666668,"Carrefour
market
Carrefour market AYTRE
Tel: 0546457320
?i au Samedi de 9h à 20h00
Dimanche 9h à 12h30
Rue Nicolas Gargot 17440 Aytré
DESCRIPTION QTE MONTANT
*1L PERRIER MENTHE 0.92€
*DWICH TOMATE MOZZA 2.00€
RESTAURATION 1.00€
TOTAL ALIMENTAIRE 3.92€
ESPECES EUR 5.00€
Votre Monnaie -1.08€
Carte : 9135720000154805398
0114 003 000251 05/04/2017 14:14:09
Solde ni repris ni échangé
CARREFOUR MARKET AYTRE
Vous remercie de votre visite
A BIENTOT
GRAND JEU ANNIVERSAIRE 2.0
jeton(s) offert(s).
"
483,True,2017-05-25 11:26:52,0.6765333333333333,70.74,0.6671,"Carrefour market AYTRE
Tel : 0546457320
Lundi au Samedi de 9h à 20h00
Dimanche 9h à 12h30
Rue Nicolas Gargot 17440 Aytré.
DESCRIPTION QTE MONTANT
*1/3 FIL.MAQUER.MOU 2.04€
*1/4 THON NATREL PN 1.80€
*125G  RONDELE NOIX 1.60€
16 DOLCE GUSTO THE 4.75€
*1L BADOIT VERTE 0.60€
250G PL BEUR AOP 1.90€
400G BOLO VERDURE 2.19€
*4X COQUILLE S.JACQ 6.36€
*8X125G VELOUTE NAT 1.75€
*BAGUETTE CARREFOUR 0.85€
*BAGUETTE PRECUITE 2x 1.26 2.52€
*BANANES 1.99€
DELP.4T SF NORVEGE 7.41€
*EAU CRISTALINE X6 3x 1.08 3.24€
*EMMENTAL RAPE CRF 1.41€
KRISPROLLS 400G 1.89€
MAGRET CANARD S/V 8.80€
*MAXI NATUR.JACQUET 1.04€
MOUTARDE ORIGINALE 1.10€
*PARMIGIANO REGGIAN 1.13€
*POINTE BRIE 60%MG 1.16€
*RADIS ROSE BOTTE 1.19€
TABOULE POULET 1.51€
*TOMATE CERISE 0.78€
TOTAL ALIMENTAIRE 59.01 €
1L15 SENS LENOR 4.75€
6RLX PH XXL BLC AQ 3.51€
MAXFRESH COLGATE 2.07€
TOTAL BEAUTE / SANTE / HYGIENE 10.33€
*100 GOBELETS BLANC 1.40€
TOTAL NON ALIMENTAIRE 1.40€
Carrefour market AYTRE
Tel : 0546457320
Lundi au Samedi de 9h à 20h00
Dimanche 9h à 12h30
Rue Nicolas Gargot 17440 Aytré,
DESCRIPTION QTE MONTANT
*T/3 FlL MAQUER.MOU 2.04€
*1/4 THON NATREL PN 1.80€
*125G RONDELE NOIX 1.60€
16 DOLCE GUSTO THE 4.75€
*1L BADOIT VERTE 0.60€
250G PL BEUR AOP 1.90€
400G BOLO VERDURE 2.19€
*4X COQUILLE S.JACQ 6.36€
*8X125G VELOUTE NAT 1.75€
*BAGUETTE CARREFOUR 0.85€
*BAGUETTE PRECUITE 2x 1.26 2.52€
*BANANES 1.99€
DELP.4T SF NORVEGE 7.41€
*EAU CRISTALINE X6 3x 1.08 3.24€
*EMMENTAL RAPE CRF 1.41€
KRISPROLLS 400G 1.89€
MAGRET CANARD S/V 8.80€
*MAXI NATUR.JACQUET 1.04€
MOUTARDE ORIGINALE 1.10€
*PARMIGIANO REGGIAN 1.13€
*POINTE BRIE 60%MG 1.16€
*RADIS ROSE BOTTE 1.19€
TABOULE POULET 1.51€
*TOMATE CERISE 0.78€
TOTAL ALIMENTAIRE 59.01€
1L15 SENS LENOR 4.75€
6RLX PH XXL BLC AQ 3.51€
MAXFRESH COLGATE 2.07€
TOTAL BEAUTE / SANTE / HYGIENE 10.33€
100 GOBELETS BLANC 1.40€
TOTAL NON ALIMENTAIRE 1.40€
31 ARTICLE(S) TOTAL A PAYER 70.74€
CARTE BANCAIRE EMV EUR 70.74€
Carte : 9135720000401467000
0122 011 000083 25/05/2017 11:26:52
Solde ni repris ni échangé
CARREFOUR MARKET AYTRE
Vous remercie de votre visite
A BIENTOT
Sous-vêtements ni repris ni échangés
"
485,True,2017-04-12 19:17:11,0.6870666666666667,13.07,0.668,"Carrefour
market
Carrefour market .AYTRE
Tel : 0546457320
Lundi au Samedi de 9h à 20h00
Dimanche 9h à 12h30
Rue Nicolas Gargot 17440 Aytre.
DESCRIPTION QTE MONTANT
*EMPRESURE CHOCOLAT 1.65€
FLT S/OS A ROTIR 11.42€
TOTAL ALIMENTAIRE 13.07€
2 ARTICLE(S) TOTAL A PAYER 13.07€
CARTE BANCAIRE EMV EUR 13.07€
0121 002 000100 12/04/2017 19:17:11
Solde ni repris ni échangé
CARREFOUR MARKET AYTRE
Vous remercie de votre visite
A BIENTOT
Bravo vous avez cumule 1.0
Vignette(s) par operation
"
488,True,2017-05-25 11:26:52,0.6786000000000001,70.74,0.6673,"Carrefour market AYTRE
Tel : 0546457320
Lundi au Samedi de 9h à 20h00
Dimanche 9h à 12h30
Rue Nicolas Gargot 17440 Aytré.
DESCRIPTION QTE MONTANT
*1/3 FIL.MAQUER.MOU 2.04€
*1/4 THON NATREL PN 1.80€
*125G RONDELE NOIX 1.60€
16 DOLCE GUSTO THE 4.75€
*1L BADOIT VERTE 0.60€
250G  PL BEUR AOP 1.90€
400G  BOLO VERDURE 2.19€
*4X COQUILLE S.JACQ 6.36€
*8X125G  VELOUTE NAT 1.75€
*BAGUETTE CARREFOUR 0.85€
*BAGUETTE PRECUITE 2x 1.26 2.52€
*BANANES 1.99€
DELP.4T SF NORVEGE 7.41€
*EAU CRISTALINE X6 3x 1.08 3.24€
*EMMENTAL RAPE CRF 1.41€
*KRISPROLLS 400G 1.89€
MAGRET CANARD S/V 8.80€
*MAXI NATUR.JACQUET 1.04€
MOUTARDE ORIGINALE 1.10€
*PARMIGIANO REGGIAN 1.13€
*POINTE BRIE 60%MG 1.16€
*RADIS ROSE BOTTE 1.19€
TABOULE POULET 1.51€
*TOMATE CERISE 0.78€
TOTAL ALIMENTAIRE 59.01€
1L15 SENS LENOR 4.75€
6RLX PH XXL BLC AQ 3.51€
MAXFRESH COLGATE 2.07€
TOTAL BEAUTE / SANTE / HYGIENE 10.33€
100 GOBELETS BLANC 1.40€
TOTAL NON ALIMENTAIRE 1.40€
31 ARTICLE(S) TOTAL A PAYER 70.74€
CARTE BANCAIRE EMV EUR 70.74€
Carte : 9135720000401467000
0122 011 000083 25/05/2017 11:26:52
Solde ni repris ni échangé
CARREFOUR MARKET AYTRE
Vous remercie de votre visite
A BIENTOT
Sous-vêtements ni repris ni échangés
Bravo vous avez cumule 7.0
Vignette(s) par operation"
489,True,2017-02-25 13:10:04,0.6855,53.38,0.6675,"j
Carrefour
market
Carrefour market AYTRE
Tel : 0546457320
Lundi au Samedi de 9h à 20h00
Dimanche 9h à 12h30
Rue Nicolas Gargot 17440 Aytré.
DESCRIPTION QTE MONTANT
140G MOUTARDE MI F 0.81€
*200G  PAP SAUM CIB 2.60€
*2X1/4 THON ALB.CRF 2.97€
*300G  LT ECR.REGILA 1.94€
*4X100G  Y0PA 0% LIT 1.95€
500G  COUSCOUS CPLT 1.23€
6 OEUF GROS EXTRA 1.14€
*CHAMPIGON EMINCE 0.92€
*DANETTE NOIR EXTRA 1.00€
*DESSERT SSA POM/PO 1.90€
DOSETTE CORSE CRF 3.15€
*EMMENTAL FRANCAIS 3.42€
EXC.NOIR 85% LINDT 1.54€
*FL 500G  CITRON PP 1.19€
*FR.FRAIS 0%MG CRF 1.51€
FRUITS X 0.99€
GAUFRETTES CHOCO 0.82€
KG ESCALOP DDE HAL 2.70€
KG POULET HALAL BL 5.19€
*KIWI PIECE _ 6x 0.30 1.80€
REMISE -0.81€
*LEGUME DU SUD 1L 2.15€
LENTILLES CRF 0.45€
*ORANGE DESS.GROS 1.65€
*PASTIN MULTICEREAL 1.90€
*PDT CONSO VP 1.79€
*PIZZA 4SAIS0NS CRF 2.43€
*MME GALA MOYENNE 1.53€
. JUS ORANGE CRF 1.47€
*ST BANANE P.PRIX 1.28€
TOTAL ALIMENTAIRE 52.61€
150 M0UCH.BLC PP B 0.77€
TOTAL BEAUTE / SANTE / HYGIENE 0.77€

35 ARTICLE(S) TOTAL AVANT REMISES 54.19€

TOTAL REMISES IMMEDIATES -0.81€
TOTAL DES AVANTAGES DU JOUR -0.81€

35 ARTICLE(S) TOTAL A PAYER 53.38€

CARTE BANCAIRE EMV EUR 53.38€
0102 004 000089 25/02/2017 13:10:04
Solde ni repris ni echangé
CARREFOUR MARKET AYTRE
Vous remercie de votre visite
A BIENTOT
Bravo vous avez cumule 5.0
Vignette(s) par operation
"
490,True,2017-03-01 18:56:20,0.6762,32.78,0.6674666666666667,"Carrefour
market
Carrefour market AYTRE
Tel : 0546457320
Lundi au Samedi de 9h à 20h00
Dimanche 9h à 12h30
Rue Nicolas Gargot 17440 Aytré.
DESCRIPTION QTE MONTANT
*16X PANACHE ANDROS 4.50€
*250G  LT ECREME BIO 2.84€
*400G  NUGGET DDE HA 2.91€
*4X100G  Y0PA Y0PA 2 1.95€
AIL SEMOULE 1.80€
*AMANDE POUDRE 400G  5.85€
*BQ 1KG KIWI PP FR 2.29€
*CREM UHT 30% BRK 3 1.82€
*DANETTE NOIR EXTRA 1.00€
*FLT 0IGN PPRIX FR 1.89€
KG FLT PLT JNE HAL 5.93€
TOTAL ALIMENTAIRE 32.78€
11 ARTICLE(S) TOTAL A PAYER 32.78€
CARTE BANCAIRE EMV EUR 32.78€
Carte : 9135720000583301894
0105 008 000230 01/03/2017 18:56:20
Solde ni repris ni échangé
CARREFOUR MARKET AYTRE
Vous remercie de votre visite
A BIENTOT
Bravo vous avez cumule 3.0
Vignette(s) par operation
"
491,True,2017-04-17 11:45:52,0.6906333333333333,6.26,0.6679666666666666,"Carrefour
market
Carrefour market AYTRE
Tel : 0546457320
Lundi au Samedi de 9h à 20h00
Dimanche 9h à 12h30
Rue Nicolas Gargot 17440 Aytré.
DESCRIPTION QTE MONTANT
*BANANES 4.47€
*EMM PDT RAPE 200G 1.69€
TOTAL ALIMENTAIRE 6.16€
SAC CAISSE PAPIER  0.10€
TOTAL NON ALIMENTAIRE 0.10€
3 ARTICLE(S) TOTAL A PAYER 6.26€
CARTE BANCAIRE EMV EUR 6.26€
0109 003 000142 17/04/2017 11:45:52
Solde ni repris ni échangé
CARREFOUR MARKET AYTRE
Vous remercie de votre visite
A BIENTOT
"
492,True,2017-04-02 11:26:55,0.6810666666666666,23.93,0.6677,"Carrefour
market
Carrefour market AYTRE
Tel : 0546457320
Lundi au Samedi de 9h à 20h00
Dimanche 9h à 12h30
Rue Nicolas Gargot 17440 Aytré.
DESCRIPTION QTE MONTANT
*1/5 THON ENTIER 2x 0.89 1.78€
10X OEUFS FRAIS 1.01€
1L HUILE TOURNESOL 1.38€
*250G  CAMEMBERT 2x 1.00 2.00€
500G  GOUTER FOURRE 0.87€
*850ML POIS CHICHES 0.85€
FARINE BLE GRUAU D 1.10€
KG POULET HALAL BL 5.73€
*MFP FRAISE GOURMAN 2.34€
*PANIER STD EXOTIQ. 2.35€
SARDINE ATLANTIQUE 1.97€
*V0LAILLE BOEUF 500 2.55€
TOTAL ALIMENTAIRE 23.93€
14 ARTICLE(S) TOTAL A PAYER 23.93€
CARTE BANCAIRE EMV EUR 23.93€
0118 010 000077 02/04/2017 11:26:55
Solde ni repris ni échangé
CARREFOUR MARKET AYTRE
Vous remercie de votre visite
A BIENTOT
GRAND JEU ANNIVERSAIRE 1.0
jeton(s) offert(s).
"
494,True,2017-04-07 19:51:59,0.5937333333333333,35.85,0.6674333333333333,"Carrefour
market
Carrefour market AYTRE
Tel : 0546457320
Lundi au Samedi de 9h à 20h00
Dimanche 9h à 12h30
Rue Nicolas Gargot 17440 Aytré.
DESCRIPTION QTE MONTANT
3L HUILE TOURNESOL 4.07€
400G  AMANDES CRUES 5.45€
500G  SEL FIN FLUOR 0.48€
58CL CORNICHONS 2.47€
*750G  0% MG REGILAI 4.47€
*CAROTTE RONDELLES 1.21€
*CHAMPIGNONS EMINCE 2.85€
CREVET.CUITE 60/80 1.90€
*EMMENTAL CRF 250G  1.89€
KG POULET HALAL BL 6.75€
*P0I.EXT.FIN.CRF1KG 1 65€
THE VERT MENTHE 0.97€
TOTAL ALIMENTAIRE 34.16€
600G  LESSIVE CARF 1. 10€
DESODORISANT LAVAN 0.59€
TOTAL BEAUTE / SANTE / HYGIENE 1.69€
14 ARTICLE(S) TOTAL A PAYER 35.85€
CARTE BANCAIRE EMV EUR 35.85€
Carte : 9135720000583301894
0102 004 000099 07/04/2017 19:51 59
Solde ni repris ni échangé
CARREFOUR MARKET AYTRE
Vous remercie de votre visite
A BIENTOT
GRAND JEU ANNIVERSAIRE 4.0
jeton(s) offert(s)."
495,True,2017-01-14 17:09:54,0.6904,10.0,0.6680333333333334,"Carrefour
market
Carrefour market AYTRE
Tel : 0546457320
Lundi au Samedi de 9h à 20h00
Dimanche 9h à 12h30
Rue Nicolas Gargot 17440 Aytré.
DESCRIPTION QTE MONTANT
PINEAU THIBAULT BL 10.00€
TOTAL ALIMENTAIRE 10.00€
1 ARTICLE(S) TOTAL A PAYER 10.00€
CARTE BANCAIRE EMV EUR 10.00€
0104 007 000179 14/01/2017 17:09:54
Solde ni repris ni échangé
CARREFOUR MARKET AYTRE
Vous remercie de votre visite
A BIENTOT
Bravo vous avez cumule 1.0
Vignette(s) par operation
"
498,True,2017-03-11 11:51:32,0.6802,49.84,0.6675,"Carrefour
market
Carrefour market AYTRE
Tel : 0546457320
Lundi au Samedi de 9h à 20h00
Dimanche 9h à 12h30
Rue Nicolas Gargot 17440 Aytré.
DESCRIPTION QTE MONTANT
*1/5 SARDINE OLIV 1.11€
10X OEUFS FRAIS 1.01€
*1L PUR JUS POMME 1.13€
250G MIEL ORANGER 2.65€
*2X1/4 THON ALB.CRF 2.97€
*300G LT ECR.REGILA 1.94€
*BLEDINE M.CEREALE 2.83€
REMISE -1.98€
CAFE MAX HAVELAAR 2.75€
*CHAMPIG.PIED/MCX 1.14€
*DESSERT SSA POM/PO 1.90€
*EMMENTAL PLAQUETTE 3.05€
*ET 500G INST.CACAO 2.49€
*FL 500G CITRON PP 1.19€
*FLAN X 1 1.20€
*FR.FRAIS 0%MG CRF 1.51€
GAUFRETTES CHOCO 0.82€
KG CUISSE PLT BLC 2.34€
KG ESCALOP DDE HAL 2.96€
*LEGUME DU SUD 1L 2.15€
*ORANGE DESS.GROS 2.69€
*ORANGE FEUILLE 1.59€
*P.P0IS/CAR.E.F.CRF 1.11€
*PASTIN MULTICEREAL 1.90€
*PIZZA 4SAIS0NS CRF 1.82€
*POIRE BQ 3FRT 0.99 0.99€
*ST BANANE-P.PRIX 0.92€
TOTAL ALIMENTAIRE 46.18€
150ML DEO SCORPIO 3.66€
TOTAL BEAUTE / SANTE / HYGIENE 3.66€
27 ARTICLE(S) TOTAL AVANT REMISES 51.82€
TOTAL REMISES IMMEDIATES -1.98€
TOTAL DES AVANTAGES DU JOUR -1.98€
27 ARTICLE(S) TOTAL A PAYER 49.84€
CARTE BANCAIRE EMV EUR 49.84€
0105 005 000073 11/03/2017 11:51:32
Solde ni repris ni échangé
CARREFOUR MARKET AYTRE
Vous remercie de votre visite
A BIENTOT
Bravo vous avez cumule 4.0
Vignette(s) par operation"
499,True,2017-03-28 09:05:12,0.6893333333333334,10.95,0.6680666666666666,"Carrefour
market
Carrefour market AYTRE
Tel : 0546457320
Lundi au Samedi de 9h à 20h00
Dimanche 9h à 12h30
Rue Nicolas Gargot 17440 Aytré.
DESCRIPTION QTE MONTANT
L&G COUCHES T5 X26 10.95€
TOTAL BEAUTE / SANTE / HYGIENE 10.95€
1 ARTICLE(S) TOTAL A PAYER 10.95€
CARTE BANCAIRE EMV EUR 10.95€
0107 005 000004 28/03/2017 09:05:12
Solde ni repris ni échangé
CARREFOUR MARKET AYTRE
Vous remercie de votre visite
A BIENTOT
"
503,True,2017-03-31 18:31:07,0.6756666666666666,66.6,0.6673333333333333,"Carrefour
market
Carrefour market AYTRE
Tel : 0546457320
Lundi au Samedi de 9h à 20h00
Dimanche 9h à 12h30
Rue Nicolas Gargot 17440 Aytré.
DESCRIPTION QTE MONTANT
100G KS TITI 5.29€
150G TRUITE FUMEE 4.17€
*72CL HV XF CRF 2.25€
75 LLP RG CARDINAL 9.90€
REMISE -3.96€
*BQ 125G FRAMBOISE 2.50€
*BQ 250G GARIGUET.F 1.95€
*CITRON JNE PIECE 4x 0.45 1.80€
*COURGETTE 1.39€
*LENTILLES CRF 0.91€
*MONTBELIARD X2 3.17€
OEUF GRANITES 10.90€
OEUF LT ECLAT NOIS 5.90€
*PAIN AU NOIX 1.70€
*POIRE WILLIAM VRT 4.33€
*POIVRON ROUGE 2.11€
*TOMATE COCKTAIL 2.50€
*YAOUR.BRAS.NAT.CRF 1.36€
TOTAL ALIMENTAIRE 58.17€
12RLX PH.BLANC 2 P 2.04€
2 EPONG.GRATT.SPTX 1.44€
TOTAL BEAUTE / SANTE / HYGIENE 3.48€
EC030 SPHERIQUE 18 4.75€
SAC CAISSE PAPIER 2x 0.10 0.20€
TOTAL NON ALIMENTAIRE 4.95€
25 ARTICLE(S) TOTAL AVANT REMISES 70.56€
TOTAL REMISES IMMEDIATES -3.96€
TOTAL DES AVANTAGES DU JOUR -3.96€
25 ARTICLE(S) TOTAL A PAYER 66.60€
CARTE BANCAIRE EMV EUR 66.60€
Carte : 9135720000601085016
0122 011 000301 31/03/2017 18:31:07
Solde ni repris ni échangé
CARREFOUR MARKET AYTRE
Vous remercie de votre visite
A BIENTOT
GRAND JEU ANNIVERSAIRE 6.0
jeton(s) offert(s)"
504,True,2016-09-24 17:12:35,0.6938,8.37,0.6678000000000001,"Carrefour
market
Carrefour market AYTRE
Tel : 0546457320
Lundi au Samedi de 9h à 20h00
Dimanche 9h à 12h30
Rue Nicolas Gargot 17440 Aytré.
DESCRIPTION QTE MONTANT
30ST THE VERT MENT 2.19€
*6X1.5L EAU SOURCE 1.50€
*RAISIN NOIR 1.73€
TOTAL ALIMENTAIRE 5.42€
MUG 30CL SEARCH BR 2.95€
TOTAL NON ALIMENTAIRE 2.95€
4 ARTICLE(S) TOTAL A PAYER 8,37€
ESPECES EUR 20.07€
Votre Monnaie -11.70€
0123 002 000371 24/09/2016 17:12:35
CARREFOUR MARKET AYTRE
Vous remercie de votre visite
A BIENTOT
"
505,True,2017-02-15 17:13:00,0.6852,11.73,0.6678000000000001,"Carrefour
market
Carrefour market AYTRE
Tel : 0546457320
Lundi au Samedi de 9h à 20h00
Dimanche 9h à 12h30
Rue Nicolas Gargot 17440 Aytré.

DESCRIPTION QTE MONTANT
100G NESCAFE SELEC 3.12€
*BAGUETTE CAMPAGNAR 0.95€
*FLT 1KG TOMATE IMP 2.29€
*PDT CONSERV.BLCHE 0.99€
*PET 1L PJ MULTIFRU 1.77€
*P0IRE BQ 3FRT 0.99 0.99€
TOTAL ALIMENTAIRE 10.11€
4 RLX ESSUIE TOUT 1.62€
TOTAL BEAUTE / SANTE / HYGIENE 1.62€

7 ARTICLE(S) TOTAL A PAYER 11.73€

CARTE BANCAIRE EMV EUR 11.73€
0114 008 000053 15/02/2017 17:13:00
Solde ni repris ni échangé
CARREFOUR MARKET AYTRE
Vous remercie de votre visite
A BIENTOT
Bravo vous avez cumule 1.0
Vignette(s) par operation
"
506,True,2017-03-25 13:48:54,0.6880333333333333,13.7,0.6678666666666667,"Carrefour
market
Carrefour market AYTRE
Tel : 0546457320
Lundi au Samedi de 9h à 20h00
Dimanche 9h à 12h30
Rue Nicolas Gargot 17440 Aytré.
DESCRIPTION QTE MONTANT
125G  SABLES NOISET 1.26€
*400G PAIN MIE S/GL 4.70€
*P0MME ARIANE VRAC 1.74€
TOTAL ALIMENTAIRE 7.70€
TOP KENYA ROSES X9 6.00€
TOTAL NON ALIMENTAIRE 6.00€
4 ARTICLE(S) TOTAL A PAYER 13.70€
CARTE BANCAIRE EMV EUR 13.70€
0113 005 000156 25/03/2017 13:48:54
Solde ni repris ni échangé
CARREFOUR MARKET AYTRE
Vous remercie de votre visite
A BIENTOT
Bravo vous avez cumule 1.0
Vignette(s) par operation
"
509,True,2017-03-08 19:14:41,0.6904333333333333,4.1,0.6680333333333334,"Carrefour
market
Carrefour market AYTRE
Tel : 0546457320
Lundi au Samedi de 9h à 20h00
Dimanche 9h à 12h30
Rue Nicolas Gargot 17440 Aytré.
DESCRIPTION QTE MONTANT
*PAIN CEREALES BIO 2.25€
*PASTIN CAMP.400G 1.85€
TOTAL ALIMENTAIRE 4.10€
2 ARTICLE(S) TOTAL A PAYER 4.10€
ESPECES EUR 4.10€
0122 003 000567 08/03/2017 19:14:41
Solde ni repris ni echangé
CARREFOUR MARKET AYTRE
Vous remercie de votre visite
A BIENTOT
"
510,True,2016-10-31 12:26:09,0.6990333333333334,4.0,0.6678666666666667,"Carrefour
market
Carrefour market AYTRE
Tel : 0546457320
Lundi au Samedi de 9h à 20h00
Dimanche 9h à 12h30
Rue Nicolas Gargot 17440 Aytré.
DESCRIPTION QTE MONTANT
*1/2 POIS CHICHES 0.56€
1L H.TOURNESOL CRF 1.85€
*550G  MAXI SSA JAC 1.59€
TOTAL ALIMENTAIRE 4.00€
3 ARTICLE(S) TOTAL A PAYER 4.00€
ESPECES EUR 5.00€
Votre Monnaie -1.00€
0114 005 000188 31/10/2016 12:26:09
CARREFOUR MARKET AYTRE
Vous remercie de votre visite
A BIENTOT
"
511,True,2017-03-04 13:02:01,0.6756666666666666,38.16,0.6674,"Carrefour
market
Carrefour market AYTRE
Tel : 0546457320
Lundi au Samedi de 9h à 20h00
Dimanche 9h à 12h30
Rue Nicolas Gargot 17440 Aytré.
DESCRIPTION QTE MONTANT
2 GOUSSES VANILLE 4.47€
220G CACAHUETE GRI 1.32€
250G BEURRIER DS P 1.85€
DLE CONCENTRE TOMA 0.82€
EXC NR 70% MILD 1.49€
FARINE BLE T45 0.53€
*0LIVE PROVENÇAL 2.70€
*P. FEUILLETEE 235G 1.02€
*PCE POMELOS CHINOI 2.19€
TEISSEIR.GRENADINE 2.15€
TOTAL ALIMENTAIRE 18.54€
75ML DENT PRO COMP 3.60€
SHAMPOING ELSEVE 2.56€
X6 RLX P.H CONF. 2.02€
ZIPPER MM 3L 2.50€
TOTAL BEAUTE / SANTE / HYGIENE 10.68€
CP100 COMPACTES 2.95€
GANTS TRAVAUX T7 5.99€
TOTAL NON ALIMENTAIRE 8.94€
16 ARTICLE(S) TOTAL A PAYER 38.16€
CARTE BANCAIRE EMV EUR 38.16€
Carte : 9135720000648547820
0123 005 000133 04/03/2017 13:02:01
Solde ni repris ni échangé
CARREFOUR MARKET AYTRE
Vous remercie de votre visite
A BIENTOT"
513,True,2017-03-25 17:54:09,0.6900333333333333,30.68,0.6676,"Carrefour
market
Carrefour market AYTRE
Tel : 0546457320
Lundi au Samedi de 9h à 20h00
Dimanche 9h à 12h30
Rue Nicolas Gargot 17440 Aytré
DESCRIPTION QTE MONTANT
100G NESCAFE NES 2.61€
*250G CREM.S/PR 19% 1.43€
250G TAM TAM CH0C0 1.63€
300G BISCOTT.CRF 0.72€
370G CONF FRAISE 1.03€
6 OEUFS PLEIN AIR 1.55€
*8 PORTIONS KIRI 1.46€
BAGUETTE CAMPAGNAR 0.95€
BAGUETTE CARREFOUR 0.85€
*CHAMP.MOYEN P.C 1.13€
COOKIES TT CHOCO 2x 0.90 1.80€
*DEL.POTIRON CHATAI 2.50€
*EMMENTAL RAPE CRF 1.41€
NUTELLA T.220 1.95€
*PANIER NAT.S/FRUIT 2.32€
*PET 1L PJ MULTIFRU 1.77€
*PUR JUS ORANGE 1.53€
*ST BANANE P.PRIX 0.84€
*VEL.LEG.SOLEIL X2 2.50€
TOTAL ALIMENTAIRE 29.98€
CREME LAVANTE PECH 0.70€
TOTAL BEAUTE / SANTE / HYGIENE 0.70€
21 ARTICLE(S) TOTAL A PAYER 30.68€
CARTE BANCAIRE EMV EUR 30.68€
0110 010 000033 25/03/2017 17:54:09
Solde ni repris ni échangé
CARREFOUR MARKET AYTRE
Vous remercie de votre visite
A BIENTOT
Bravo vous avez cumule 3.0
Vignette(s) par operation
"
516,True,2017-01-07 15:27:06,0.6806333333333333,41.36,0.6673666666666667,"Carrefour
market
Carrefour market AYTRE
Tel : 0546457320
Lundi au Samedi de 9h à 20h00
Dimanche 9h à 12h30
Rue Nicolas Gargot 17440 Aytré,
DESCRIPTION QTE MONTANT
1/6HARI.LE PHARE 9x 0.48 4.32€
4X125G RIZ LONG 0.53€
500G TOMACOULI AIL 3x 1.09 3.27€
*800G CORDON PLT 3.66€
BALLOTIN ISIS – RO 3.70€
CHAMPS-EL LT BTE 9 11.28€
CREV.CUITE 40/60 2.02€
*EMMENTAL RAPE CRF 1.52€
LTX5 HWD ICEFRESH 1.88€
LTX5 HWD POWERFRES 1.88€
REMISE -1.88€
M&M’S&FRIENDS BOTT 2.25€
M&M’S&FRIENDS BOTT 2.25€
* YAB FRAISE OFF ECO 1.45€
YAB YOP CHO OF ECO 1.45€
REMISE -1.45€
*YOP CHOCO-CARAMEL 1.45€
TOTAL ALIMENTAIRE 39.58€
72X LING.BB LAIT 1.78€
TOTAL BEAUTE / SANTE / HYGIENE 1.78€
26 ARTICLE(S) TOTAL AVANT REMISES 44.69€
TOTAL REMISES IMMEDIATES -3.33€
TOTAL DES AVANTAGES DU JOUR -3.33€
26 ARTICLE(S) TOTAL A PAYER 41.36€
CARTE BANCAIRE EMV 41.36€
Carte : 9135720000606349128
0120 000181 07/01/2017 15:27:06
CARREFOUR MARET AYTRE
Vous remercie de votre visite
A BIENTOT
"
524,True,2017-06-21 12:47:50,0.6943333333333334,6.42,0.6679666666666666,"city
CARREFOUR CITY ORLEANS
1, RUE DU GRENIER A SEL
45000 ORLEANS
Tel : 02-38-62-06-88
DESCRIPTION QTE MONTANT
*300G COLESLAW CARREF 1.21€
*300G  COUSCOUS ORIENT 3.93€
*PET 50 CL COCA COLA 1.28€
3 ARTICLE(S) TOTAL A PAYER 6.42€
CB EMV SANS CONTACT EUR 6.42€
Si vous aviez la carte fidélité,
vous auriez cumulé 0.06€ sur
votre compte fidélité Carrefour.
Détails:
5% produits Carrefou 0.06€
0006 002 000077 21/06/2017 12:47:50
MERCI DE VOTRE VISITE
A BIENTOT
"
525,True,2017-06-16 13:09:00,0.6810666666666666,7.48,0.6676333333333333,"city
CARREFOUR CITY ORLEANS
1, RUE DU GRENIER A SEL
45000 ORLEANS
Tel : 02-38-62-06-88
DESCRIPTION QTE MONTANT
*200G  CAROTTE RAPE BI 1.60€
*90G MOELLEUX CHOCOLA 1.70€
*SAUMON OSEILLE/RIZ 4.18€
3 ARTICLE(S) TOTAL A PAYER 7.48€
ESPECES EUR 7.50€
Votre Monnaie -0.02€
Carte : 9135720000225515349
0001 005 000135 16/06/2017 13:09:00
MERCI DE VOTRE VISITE
A BIENTOT
"
530,True,2017-04-28 18:04:47,0.6930333333333333,7.89,0.6681333333333334,"city
CARREFOUR CITY ORLEANS
1, RUE DU GRENIER A SEL
45000 ORLEANS
Tel : 02-38-62-06-88
DESCRIPTION QTE MONTANT
*1.5L EAU SRCE CRIS 0.2K
*135G  CHIPS EXTRA CRA 1.12€
*150G  PT ECOLIER CHOC 1.43€
*175G  PALET S/GLUT. 3.39€
*200G  MAXI POULET CRU 1.74€
5 ARTICLE(S) TOTAL A PAYER 7.89€
CARTE BANCAIRE EMV EUR 7.89€
0016 005 000414 28/04/2017 18:04:47
MERCI DE VOTRE VISITE
A BIENTOT
"
531,True,2017-06-23 09:36:07,0.7051666666666667,4.28,0.6681333333333334,"city
CARREFOUR CITY ORLEANS
1, RUE DU GRENIER A SEL
45000 ORLEANS
Tel : 02-38-62-06-88
DESCRIPTION QTE MONTANT
*50ML DEO BIL.P.SS 4.28€
1 ARTICLE(S) TOTAL A PAYER 4.28€
ESPECES EUR 10.18€
Votre Monnaie -5.90€
0007 004 000080 23/06/2017 09:36:07
MERCI DE VOTRE VISITE
A BIENTOT
"
532,True,2017-05-11 08:38:36,0.6806666666666666,16.47,0.6676333333333333,"city
CARREFOUR CITY ORLEANS
1, RUE DU GRENIER A SEL
45000 ORLEANS
Tel : 02-38-62-06-88
DESCRIPTION QTE MONTANT
*200G  CAROTTE RAPE BI 2x 1.60 3.20€
*280G  AIGUILLET POULE 4.05€
*GOUPILLON BTL LFAN 5.04€
*SAUMON OSEILLE/RIZ 4.18€
5 ARTICLE(S) TOTAL A PAYER 16.47€
CARTE BANCAIRE EMV EUR 16.47€
Carte : 9135720000225515349
0007 004 000044 11/05/2017 08:38:36
MERCI DE VOTRE VISITE
A BIENTOT
"
536,True,2017-04-25 14:25:57,0.6845,5.73,0.6676333333333333,"city
CARREFOUR CITY ORLEANS
1, RUE OU GRENIER A SEL
45000 ORLEANS
Tel : 02-38-62-06-88
DESCRIPTION QTE MONTANT
*200G  CAROTTE RAPE BI 1.60€
*F POMME ROUGE 0.48€
0.192kg x 2.50€/kg
*POULET CHAMP NOIR 3.65€
3 ARTICLE(S) TOTAL A PAYER 5.73€
CB ENV SANS CONTACT EUR 5.73€
Carte : 9135720000225515349
0002 005 000164 25/04/2017 14:25:57
MERCI DE VOTRE VISITE
A BIENTOT
"
542,True,2016-12-27 13:04:37,0.6836000000000001,6.11,0.6675666666666668,"city
CARREFOUR CITY ORLEANS
1, RUE DU GRENIER A SEL
45000 ORLEANS
Tel : 02-38-62-06-88
DESCRIPTION QTE MONTANT
*200G  CAROTTE RAPE BI 1.60€
*280G  AIGUILLET POULE 4.05€
*F POMME ROYAL GALA 0.45€
0.182kg x 2.50€/kg
3 ARTICLE(S) TOTAL A PAYER 6.11€
ESPECES EUR 10.11€
Votre Monnaie -4.00€
Carte : 9135720000225515349
0001 005 000121 27/12/2016 13:04:37
MERCI DE VOTRE VISITE
A BIENTOT
"
543,True,2017-03-24 12:54:48,0.6839999999999999,7.32,0.6675666666666668,"city
CARREFOUR CITY ORLEANS
1, RUE DU GRENIER A SEL
45000 ORLEANS
Tel : 02-38-62-06-88
DESCRIPTION QTE MONTANT
*200G  CAROTTE RAPE BI 1.60€
*808 CHOC NOIR 80% 1.08€
*F POMME ROUGE 0.46€
0.182kg x 2.50€/kg
*SAUMON OSEILLE/RIZ 4.18€
4 ARTICLE(S) TOTAL A PAYER 7.32€
ESPECES EUR 10.32€
Votre Monnaie -3.00€
Carte : 9135720000225515349
0001 005 000120 24/03/2017 12:54:48
MERCI DE VOTRE VISITE
A BIENTOT
"
545,True,2017-01-09 12:56:22,0.6795666666666667,6.7,0.6676,"city
CARREFOUR CITY ORLEANS
1, RUE DU GRENIER A SEL
45000 ORLEANS
Tel : 02-38-62-06-88
DESCRIPTION QTE MONTANT
*200G CAROTTE RAPE BI 1.60€
*80G CHOC NOIR 80% 1.08€
*F POMME ROYAL GALA 0.37€
0.176kg x 2.10€/kg
*POULET CHAMP NOIR 3.65€
4 ARTICLE(S) TOTAL A PAYER 6.70€
ESPECES EUR 10.00€
Votre Monnaie -3.30€
Carte : 9135720000225515349
0001 005 000105 09/01/2017 12:56:22
MERCI DE VOTRE VISITE
A BIENTOT
"
548,True,2017-03-13 13:02:40,0.6936,1.08,0.6681,"city
CARREFOUR CITY ORLEANS
1, RUE DU GRENIER A SEL
45000 ORLEANS
Tel : 02-38-62-06-88
DESCRIPTION QTE MONTANT
*800 CHOC NOIR 80% 1.08€
1 ARÎICLE(S) TOTAL A PAYER 1.08€
ESPECES EUR 10.00€
Votre Monnaie -8.92€
0007 004 000268 13/03/2017 13:02:40
MERCI DE VOTRE VISITE
A BIENTOT
"
549,True,2017-03-16 12:15:46,0.6932,6.51,0.6679333333333333,"CARREFOUR CITY ORLEANS
1, RUE DU GRENIER A SEL
45000 ORLEANS
Tel : 02-38-62-06-88
DESCRIPTION QTE MONTANT
*200G  CAROTTE RAPE BI 1.60€
*300G  CHILI CON CARNE 3.37€
*80G CHOC NOIR 80% 1.06€
*F POMME ROYAL GALA 0.46€
0.172kg x 2.70€/kg
4 ARTICLE(S) TOTAL A PAYER 6.51€
ESPECES EUR 10.00€
Votre Monnaie -3.49€
0001 005 000074 16/03/2017 12:15:46
MERCI DE VOTRE VISITE
A BIENTOT
"
550,True,2017-03-09 12:35:48,0.6809333333333334,9.67,0.6675666666666668,"city
CARREFOUR CITY ORLEANS
1, RUE DU GRENIER A SEL
45000 ORLEANS
Tel : 02-38-62-06-88
DESCRIPTION QTE MONTANT
*250G ABRICOT MOELLEU 3.91€
*300G  CHILI CON CARNE 3.37€
*300G  SAL.CONCOMBRE F 2.39€
3 ARTICLE(S) TOTAL A PAYER 9.67€
ESPECES EUR 20.00€
Votre Monnaie -10.33€
Carte : 9135720000225515349
0001 005 000093 09/03/2017 12:35:48
MERCI DE VOTRE VISITE
A BIENTOT
"
554,True,2017-03-03 12:43:24,0.6806666666666666,6.77,0.6676333333333333,"city
CARREFOUR CITY ORLEANS
1, RUE DU GRENIER A SEL
45000 ORLEANS
Tel : 02 38 62 06 88
DESCRIPTION QTE MONTANT
200G  CAROTTE RAPE BI 1.60€
250GR TOMATES CERISE 0.99€
SAUMON OSEILLE/RIZ 4.18€
3 ARTICLE(S) TOTAL A PAYER 6.77€
ESPECES EUR 7.77€
Votre Monnaie -1.00€
Carte : 9135720000225515349
0001 005 000144 03/03/2017 12:43:24
MERCI DE VOTRE VISITE
A BIENTOT
"
559,True,2017-07-15 11:02:31,0.6896,5.8,0.6681666666666666,"city
CRF-CITY LA ROCHELLE/CRD
3/5 RUE DE CORDOUAN
17000 LA ROCHELLE
Tel : 05.46.41.42.00
DESCRIPTION QTE MONTANT
*1L LT EC MATIN LEG 2x 1.76 3.52€
*PET 6X1.5L EAU SCE 2x 1.14 2.28€
4 ARTICLE(S) TOTAL A PAYER 5.80€
CB EMV SANS CONTACT EUR 5.80€
0004 002 000022 15/07/2017 11:02:31
A BIENTOT
"
562,True,2017-06-20 18:48:49,0.7068333333333334,2.14,0.6681333333333334,"city
CRF-CITY LA ROCHELLE/CRD
3/5 RUE DE CORDOUAN
17000 LA ROCHELLE
Tel : 05.46.41.42.00
DESCRIPTION QTE MONTANT
*BAGUETTE BLANCHE 1.00€
*PET 6X1.5L EAU SCE C 1.14€
2 ARTICLE(S) TOTAL A PAYER 2.14€
CB EMV SANS CONTACT EUR 2.14€
0002 003 000491 20/06/2017 18:48:49
A BIENTOT
"
564,True,2017-06-19 18:26:50,0.6880333333333333,1.78,0.668,"market
VAUVERT
Tel : 04 66 88 98 98
Lundi au Samedi de 8H30 à 19H30
Dimanche 9HOO à 12H30
Bienvenue chez Carrefour Market
???CRIPTION OTE MONTANT
400G  CROISSANTS CR 1.78€
TOTAL ALIMENTAIRE 1.78€
1 ARTICLE(S) TOTAL A PAYER 1.78€
ESPECE EUR 2.00€
Votre Monnaie -0.22€
0103 001 000316 19/06/2017 18:26:50
TOUTE L\'EQUIPE DE MARKET
VOUS REMERCIE DE VOTRE VISITE
"
569,True,2017-02-15 18:59:19,0.6858000000000001,0.5,0.6679333333333333,"market
VAUVERT
Tel : 04 66 88 98 98
Lundi au Samedi de 8H30 à 19H30
Dimanche 9HOO à 12H30
Bienvenue chez Carrefour Market
DESCRIPTION QTE MONTANT
*DEJEUNETTEX1 0.50€
1.2500 x 0.40€
TOTAL ALIMENTAIRE 0.50€
1 ARTICLE(S) TOTAL A PAYER 0.50€
ESPECES EUR 5.00€
Votre Monnaie -4.50€
0121 005 000082 15/02/2017 18:59:19
TOUTE L\'EQUIPE DE MARKET
VOUS REMERCIE DE VOTRE VISITE
"
570,True,2017-02-17 18:25:33,0.6753333333333333,13.82,0.6672666666666667,"market
VAUVERT
Tel : 04 66 88 98 98
Lundi au Samedi de 8H30 à 19H30
Dimanche 9HOO à 12H30
Bienvenue chez Carrefour Market
DESCRIPTION QTE MONTANT
*2KG ORANGE A JUS 3.29€
*AIGUILL.POULET X2 2.66€
*BAGUETTE 250 0.55€
*BTE 6X50CL LAIT UH 3.90€
*PET 2L TROPICANA 3.42€
TOTAL ALIMENTAIRE 13.82€
5 ARTICLE(S) TOTAL A PAYER 13.82€
TITRES RESTAURANT EUR 8.80€
Référence 0319408363000880243
ESPECES EUR 10.00€
Votre Monnaie -4.98€
Carte : 9135720000502559663
(*) Articles Eligibles aux TR 13.82€
0103 001 000344 17/02/2017 18:25:33
TOUTE L’EQUIPE DE MARKET
VOUS REMERCIE DE VOTRE VISITE
Bravo vous avez cumule 1.0
Vignette(s) par operation"
571,True,2017-02-18 12:12:12,0.6740666666666667,13.3,0.6673,"market
VAUVERT
Tel : 04 66 88 98 98
Lundi au Samedi de 8H30 à 19H30
Dimanche 9H00 à 12H30
Bienvenue chez Carrefour Market
DESCRIPTION QTE MONTANT
400G CROISSANTS CR 1.78€
*4TR ROTI PORC CUIT 3.09€
6X OEUFS PPA FQC 1.77€
FILTRES N? 4/80D 0.90€
*LEERDAMMER MAXI 4.30€
*M0USSE FOREST.CRF 1.45€
TOTAL ALIMENTAIRE 13.30€
6 ARTICLE(S) TOTAL A PAYER 13.30€
TITRES RESTAURANT EUR 8.80€
Réference 0319408398700880206
ESPECES EUR 5.00€
Votre Monnaie -0.50€
Carte : 9135720000502559663
(*) Articles Eligibles aux TR 8.85€
0101 007 000091 18/02/2017 12:12:12
TOUTE L\'EQUIPE DE MARKET
VOUS REMERCIE DE VOTRE VISITE
Bravo vous avez cumule 1.0
Vignette(s) par operation
"
574,True,2017-01-29 12:23:14,0.6812666666666667,9.36,0.6675,"market
VAUVERT
Tel : 04 66 88 98 98
Lundi au Samedi de 8H30 à 19H30
Dimanche 9H00 à 12H30
Bienvenue chez Carrefour Market
DESCRIPTION QTE MONTANT
*BAGUETTE 250 0.55€
TOTAL ALIMENTAIRE 0.55€
25X DEC0L0R STOP 5.05€
750ML JAVEL WC NET 1.60€
BLOC ENERGY OCEAN 2.16€
TOTAL BEAUTE / SANTE / HYGIENE 8.81€
4 ARTICLE(S) TOTAL A PAYER 9.36€
ESPECES EUR 10.00€
Votre Monnaie -0.64€
Carte : 9135720000502559663
0101 005 000106 29/01/2017 12:23:14
TOUTE L\'EQUIPE DE MARKET
VOUS REMERCIE DE VOTRE VISITE
"
576,True,2017-01-30 18:57:43,0.6946,7.67,0.6677,"market
VAUVERT
Tel : 04 66 88 98 98
Lundi au Samedi de 8H30 à 19H30
Dimanche 9H00 à 12H30
Bienvenue chez Carrefour Market
DESCRIPTION QTE MONTANT
85G NOODLES SAVEUR 0.43€
REMISE -0.18€
85G NOODLES SAVEUR 0.43€
*PET 2L TROPICANA 3.42€
TOTAL ALIMENTAIRE 4.10€
6RLX PH XXL BLC AQ 3.57€
TOTAL BEAUTE / SANTE / HYGIENE 3.57€
Sous-TOTAL 7.67€
4 ARTICLE(S) TOTAL AVANT REMISES 7.85€
TOTAL REMISES IMMEDIATES -0.18€
TOTAL DES AVANTAGES DU JOUR -0.18€
4 ARTICLE(S) TOTAL A PAYER 7.67€
ESPECES EUR 20.00€
Votre Monnaie -12.33€
0113 009 000244 30/01/2017 18:57:43
TOUTE L\'EQUIPE DE MARKET
VOUS REMERCIE DE VOTRE VISITE
"
585,True,2017-06-21 20:48:17,0.6982666666666666,6.39,0.6681333333333334,"SARL MONTER DISTRIBUTION
9 PLACE CDT MOTTE ROUGE
17000 LA ROCHELLE
Tel : 05.46.41.77.00
DESCRIPTION QTE MONTANT
*180G  COOKIES MOIS. 3.69€
*SDW LE MEGA BUN TE 2.70€
2 ARTICLE(S) TOTAL A PAYER 6.39€
CB EMV SANS CONTACT EUR 6.39€
0007 003 000585 21/06/2017 20:48:17
CARREFOUR CITY VOUS REMERCIE
"
586,True,2017-04-24 19:09:26,0.7393666666666667,6.34,0.6681333333333334,"city
CRF-CITY LA ROCHELLE
37 BIS AVENUE JEAN GUITON
17000 LA ROCHELLE
Tel : 05.46.27.67.68
DESCRIPTION QTE MONTANT
*BRK 1L PJ PRUNEAU 2.84€
*POMELO BIO X2 3.50€
2 ARTICLE(S) TOTAL A PAYER 6.34€
ESPECES EUR 6.50€
Votre Monnaie -0.16€
0001 001 000078 24/04/2017 19:09:26
MERCI DE VOTRE VISITE
A BIENTOT
"
587,True,2017-05-04 20:30:32,0.7063999999999999,11.27,0.6681333333333334,"City
CRF-CITY LA ROCHELLE
37 BIS AVENUE JEAN GUITON
17000 LA ROCHELLE
Tel : 05.46.27.67.68
DESCRIPTION QTE MONTANT
*75CL HUILE OMEGA BIO 6.50€
*AVOCAT GROS 1.80€
*CUISSON 15M 2.07€
*POMELO ROSE 0.90€
4 ARTICLE(S) TOTAL A PAYER 11.27€
CARTE BANCAIRE EMV EUR 11.27€
0008 003 000560 04/05/2017 20:30:32
MERCI DE VOTRE VISITE
A BIENTOT
"
588,True,2017-06-21 20:48:06,0.6900333333333333,0.65,0.6680666666666666,"city
SARL MONTER DISTRIBUTION
9 PLACE CDT MOTTE ROUGE
17000 LA ROCHELLE
Tel : 05.46.41.77.00
DESCRIPTION QTE MONTANT
*PET 50 CL EVIAN 0.65€
1 ARTICLE(S) TOTAL A PAYER 0.65€
ESPECES EUR 10.00€
Votre Monnaie -9.35€
0002 001 000212 21/06/2017 20:48:06
CARREFOUR CITY VOUS REMERCIE"
589,True,2017-05-27 21:27:16,0.6930666666666666,21.82,0.6679,"city
SARL MONTER DISTRIBUTION
9 PLACE CDT MOTTE ROUGE
17000 LA ROCHELLE
Tel : 05.46.41.77.00
DESCRIPTION QTE MONTANT
*6X2 KINDER BUENO 4.10€
*ABRICOT GROS 1.18€
0.245kg x 4.80€/kg
*APERIVRAIS PROVENC 2.12€
*BIER.BLOND.NOR.RDF 4.26€
*BON AP BOULE COMPL 2.06€
*DES GOUDA CUMIN 1.78€
*MINIZZA BELIN 1.16€
*NOIX CAJOU S/SEL 2.26€
*PESTO VERT 190G 1.91€
*TOMATE CERISE BQ 250 0.99€
10 ARTICLE(S) TOTAL A PAYER 21.82€
CARTE BANCAIRE EMV EUR 21.82€
0006 001 000423 27/05/2017 21:27:16
CARREFOUR CITY VOUS REMERCIE
"
591,True,2017-06-23 17:39:49,0.6744666666666667,90.94,0.6672,"Carrefour
market
PONT L ABBE D ARNOULT
Tel : 05.46.97.00.88
Lundi au Jeudi de 8h30 à 12h30
15h00 à 19h30
Vendredi et Samedi de 08h30 à 19h30
Dimanche de 09h00 à 12h15
DESCRIPTION QTE MONTANT
2X336G X48D0S N6 2x 10.00 20.00€
REMISE -8.00€
1L VINAIG.ALC.CRIS 3x 0.35 1.05€
2KG STERILISE FRIS 3.95€
*2X YRT BREBIS NAT. 1.25€
300G NX CAJOU GRIL 3.77€
360G CONF.FRAISE 1.94€
360G CONF.ORANGE 2.04€
4 COUPEL.POMME BIO 1.49€
*600G HARICOT VRT 1.15€
*6X1.5L EAU SOURCE 3x 1.62 4.86€
75 BDX RGE B.LESML 4.09€
75 GRAVES RG CH.DE 4.95€
75C0ST NIME RG ML 3.99€
80G CHOC NOIR 80% 2x 1.00 2.00€
*Buche de chèvre 3.73€
*COMTE EXT.V.RESERV 4.41€
DANETTE NOIR EXTRA 1.00€
*EMMENTAL RAPE 100G 0.91€
EXC.NOIR 85% LINDT 1.58€
*GAZPACHO ORIGINAL 3.82€
*GIR.LIME 500G IMP 2.00€
*GOUDA JEUNE 1.68€
*LARDONS NATURE BIO 4.48€
MIEL POITOU CHAREN 7.89€
*P0EL.CHAMPETR.600G 2.40€
*ST NECTAIRE LAITIE 1.60€
*TR0PICANA PREM OR. 3x 2.46 7.38€
REMISE -2.46€
*YRT NATURE BIO 1.99€
TOTAL ALIMENTAIRE 90.94€
36 ARTICLE(S) TOTAL AVANT REMISES 101.40€
TOTAL REMISES IMMEDIATES -10.46€
TOTAL DES AVANTAGES DU JOUR -10.46€
36 ARTICLE(S) TOTAL A PAYER 90.94€
CARTE BANCAIRE EMV EUR 90.94€
Carte : 9135720000101018962
Taux TVA. Hors Taxe
6> 5.50 4.40 80.02
7>20.00 2.84 14.14
Totaux: 7.24 94.16
0125 005 000265 23/06/2017 17:39:49
Carrefour Market PONT L’ABBE
Vous remercie de votre visite
1 CARTE DU JEU FETE DES CLIENTS
et 9.0 VIGNETTE(S) GRACE A VOS
ACHATS"
594,True,2017-04-26 18:11:09,0.6833,4.3,0.6676333333333333,"express
CRF EXP ORLEANS BOURGOGNE
294 RUE DE BOURGOGNE
45000 ORLEANS
Tel : 02.38.84.02.26
DESCRIPTION QTE MONTANT
*CREM FRAICHE EPAIS 0.79€
*JBN PARIS CRF 4TR. 2.01€
*PAIN COMPLET 0% P 1.50€
3 ARTICLE(S) TOTAL A PAYER 4.30€
CARTE BANCAIRE EMV EUR 4.30€
Si vous avez souscrit au programme
fidélité Carrefour, vous cumulez
0.14€ sur votre compte fidélité.
Carte : 9135720000225515349
Détails:
5% produits Carrefou 0.14€
0007 001 000540 26/04/2017 18:11:09
MERCI DE VOTRE VISITE
A BIENTÔT
"
595,True,2017-01-13 15:47:30,0.6940333333333334,9.47,0.6678666666666667,"contact
CONTACT LA ROCHELLE
170 AV EMILE NORMANDIN
17000 LA ROCHELLE
Tel : 05.46.07.74.44
DESCRIPTION QTE MONTANT
*1L LT 1/2EC LACTEL 0.86€
*BANANE 2.05€
1.050kg x 1.95€/kg
*CHAMPIGNON BQ 250G 0.99€
*HARICO.VER.BONDUEL 1.14€
*PET IL PJ MULTIFRU 1.93€
*TOMATE RONDE FILET 1 2.50€
6 ARTICLE(S) TOTAL A PAYER 9.47€
CARTE BANCAIRE EMV EUR 9.47€
Si vous aviez la carte fidélité,
vous auriez cumulé 0.10€ sur
votre compte fidélité Carrefour.
Détails:
5% produits Carrefou 0.10€
0001 001 000225 13/01/2017 15:47:30
LUNDI-SAMEDI : 08h-21h
DIMANCHE : Dès 9h...
"
599,True,2017-06-08 21:09:21,0.6976666666666667,3.87,0.6686000000000001,"city
CRF CITY PARIS NIEPCE
17 rue de niepce
75014 Paris
Tel :
DESCRIPTION QTE MONTANT
*C0UNTRY CRISP NOIX 3.87€
1 ARTICLE(S) TOTAL A PAYER 3.87€
CARTE BANCAIRE EMV EUR 3.87€
0005 001 000235 08/06/2017 21:09:21
livraison gratuite a partir de 50€
Dans le quartier
ouverture dimanche de 9h a 21h
merci de votre visite a bientôt
"
603,True,2017-07-15 12:10:25,0.6870666666666667,6.92,0.5016666666666667,"Earl Le Rouge Gorge
16 Rue de I hotel de ville
17290 Ballon
06 66 35 69 29
06 28 37 91 04
Vendeur: Vendeur 5 Numéro de ticket: 6803394
Heure: 15-07-2017 12:10:25 Balance: 68
Nom d’article
kg(pcs) €/kg(pcs) €
Article divers
1,200 kg 3,00 3,60 A
Article divers
0.505 kg 3,00 1,52 A
Article divers
1pcs 1.00 1.00 A
Article divers
1pcs 0.80 0.80 A
Articles: 4 Total: 6.92
Espèce 6.92€
Information TVA
Taux Base TVA TVA
TVA A 0.00% 6.92 0,00
Merci de votre visite
A bientot"
607,True,2017-07-05 16:35:00,0.6498666666666667,17.0,0.5016333333333334,"CROCBOOK
14 RUE CHAUDRIER
17000 LA ROCHELLE
TEL : 05.46.50.62.36
SAM 15 JUL 2017 16:35
QTE DESIGNATION P.U. TOTAL
2 LOISIR 3.00 6.00
1 EDUCATIF 2.00 2.00
1 HISTOIRE 5.00 5.00
1 LOISIR 4.00 4.00
* TOTAL * 17. 00
HT TVA 5% 16.11
DONT TVA 5.5% 0.89
CARTE BLEUE 17.00
RCS La Rochelle : 449 118 561
Retrouvez nous sur
WWW.CROCBOOK.FR
A bientôt !
Tick 121 VENDEUR 0
"
610,True,2017-07-04 12:57:40,0.6851,10.6,0.3345666666666667,"PLEINE NATURE
AVIGNON NORD
CC AVIGNON NORD
84700 SORGUES
TEL: 04 90 32 65 33
CRUSTY EPEAUTRE FR 2.79EUR
MIX TIBETAIN VRAC 1.55EUR
0.066 kg x 23.50EUR/kg
SOUPE FENOUIL CITR 6.26EUR
= T 0 T A L ( 3) 10.60EUR
ESPECES 10.60EUR
Taux TVA. H.T.
1> 5.50 0.56 10.04
Totaux: 0.56 10.04
002 / 000008 / 04/07/2017 / 12:57:40
Ticket No 031786
MERCI DE VOTRE VISITE
A BIENTOT"
611,True,2017-07-05 14:54:00,0.6370666666666667,4.8,0.5014333333333334,"BIOTOPE
5 Route de Lyon
84000 AVIGNON
Tel: 04.90.85.14.19
Facture au comptant
Euro
PAPIER TOILETTE 8 RLX ****** 4.80
(Nombre d’articles: 1)
TOTAL Euro 4.80
Dont TVA 19.60 0.80
ESPECES 10.00
RENDU 5.20
Mercredi 05/07/2017 à 14:54
Ticket N°:170705010091
Caisse N°:01 Magasin N°:02
Hote(sse) :CAISSE 1
Merci et à bientôt.
0283
"
613,True,2017-03-15 18:07:08,0.7355,21.4,0.668,"SATORIZ Le bio pour tous
ZAC GRAND ANGLE
RUE DE LA TRAMONTANE
30 133 LES ANGLES
04.90.16.95.61
Impression sur Caisse N : 3
Date Impression : 15/03/2017 a 18:07:08
Ticket de la caisse N : 3
Ticket : 5072119 / 0
Date Ticket: 15/03/2017 18:06:24
Serveur : FABIEN
Ticket ENCAISSER
QTE PU € PP €
1 un FARINE T 65 5kg 7.30 7.30
1 un PAPIER CUISSON 4.40 4.40
1 un BOULGOUR ORGE 3 1.25 1.25
(Remise de -10.71%)
1 un KAOKA NOIR ECLA 2.20 2.20
1 un KAOKA AU LAIT 1 2.30 2.30
1 un COOK POIVRE NOI 3.95 3.95
Total Ttc 21.40€
Especes 21.40€
TVA Ht Tva
5.50 % 13,93 0.77
20.00 % 5.58 1,12
Le magasin est ouvert
du lundi au samedi
9h -19h
Merci. A bientot
* T 0 0 0 0 0 5 0 7 2 1 1 9 * 
"
614,True,2017-04-26 12:28:00,0.6688333333333334,16.18,0.6674666666666667,"SUPER U
Route de Codognan
30310 VERGEZE
TéI : 04.66.35.36.30
De 8h30 à 20h00
Le dimanche de 8h30 à 12h30
Opérateur Date Heure TPV Ticket
221 AG 26/04/17 12:28 1 568870
FLEURS & PLANTES
MUGUET 3 GRIFFES
4 x 2.90 €  11.60 €
B VP
PAIN BATARD CEREALES SELECT 1.60  €
DEMI BAGUETTE X1 0.29  €
CREMERIE L.S.
FRO.PAST.PT BRIE 32% B.VU 500G 2.69  €
TOTAL 7 Article(s) 16.18 €
ESPECES 20.18  €
Rendu ESPECES 4.00 €
11 / Taux Réduit 5.5% = 0,24 €
12 / Taux Interm. 10% = 1.05 €
VOS AVANTAGES CARTE U
CODE MAGASIN : 90130
No CARTE : 8939XXXXX26753
VOS  € CARTE U ACHAT
1 x 0.10 € GRACE A VOTRE AVANTAGE VISITE 0.10 €
MONTANT ACHATS : 16.18  €
VOTRE SOLDE  € CARTE U PRECEDENT : 5.99 €
VOS  € CARTE U OBTENUS : 0.10  €
VOTRE NOUVEAU SOLDE € CARTE U : 6.09 €
Les  € Carte U obtenus ce jour, seront à valoir dés le lendemain, sur présentation de votre Carte U, dans tous les magasins U participant au programme de fidélité. Voir conditions à l’accueil.
TICKET A CONSERVER
CARTE U : DU 09 MAI AU 13 MAI
30% OFFERTS EN EUROS CARTE U
SUR TOUT LE RAYON
LINGE DE TOILETTE
(Voir conditions à l’accueil du magasin)
Opérateur Date Heure TPV ticket
221 AG 28/04/17 12:29 1 568870
MERCI DE VOTRE VISITE
A BIENTOT
TICKET A CONSERVER
6690130001568870
"
616,True,2017-03-23 12:23:00,0.6683333333333333,19.09,0.6674,"SUPER U
Route de Codognan
30310 VERGEZE
Tel : 04.66.35.36.30
De 8h30 a 20h00
Le dimanche de 8h30 à 12h30
Opérateur Date Heure TPV Ticket
183 PA 23/03/17 12:23 7 928770
>>>> FRUITS ET LEGUMES
ARACHIDE COQUE BIEN VU SHT 1KQ 3,95 €
>>>> BVP
PAIN BATARD CEREALES SELECT
2x 1,20 € 2,40 €
>>>> CREMERIE L.S.
PETIT RISSO 280G  3,69 €
BEURRE MOULE DS 80%MG U 500G  2,55 €
STE MAURE S0IGN0N BUCH.23%200G  1,75 €
BEUR.DX 82%A0P GD FERM.PG 250G
2 x 1,65 € 3,30 €
>>>> EPICERIE
CHOC.LAIT NOISETTES.ENT.U 200G  1,45€
===============
TOTAL 9 Article(s) 19,09 €
ESPECES 50,10 €
Rendu ESPECES 31,01€
11 / Taux Réduit 5.5% = 0,92€
13 / Taux Normal 20% = 0,24€
*****************************************************
VOS AVANTAGES CARTE U
CODE MAGASIN : 90130
No CARTE : 8939XXXXX26753
***************** VOS € CARTE U ACHAT ****************
1 x 0,10€ GRACE A VOTRE AVANTAGE VISITE 0,10 €
1 x 0,20 € GRACE AVANTAGE VISITE 0,20 €
******************************************************
MONTANT ACHATS : 19.09 €
VOTRE SOLDE € CARTE U PRECEDENT : 5,09 €
VOS € CARTE U OBTENUS : 0,30 €
VOTRE NOUVEAU SOLDE € CARTE U : 5,39 €
Les € Carte U obtenus ce jour, seront à valoir dés 
le lendemain, sur présentation de votre Carte U,
dans tous les magasins U participant au programme
de fidélité. Voir conditions à l\'accueil!.
TICKET A CONSERVER
******************************************************
GAGNEZ DES EUROS CARTE U GRACE A
VOS EXCLUSIVITES PRODUITS U
SPECIAL NAT ET LOU
LES PETITS NOUVEAUX DES PRODUITS U
RENDEZ-VOUS EN MAGASIN
ET SUR MAGASINS-U.COM
*Voir conditions à l’accueil du magasin)
Opérateur Date Heure TPV Ticket
183 PA 23/03/17 12:23 7 928770
MERCI DE VOTRE VISITE
A BIENTOT
TICKET A CONSERVER
6690130007928770"
617,True,2017-03-15 16:51:00,0.6373333333333333,4.35,0.5015666666666667,"BIOTOPE
5 Route de Lyon
84000 AVIGNON
Tel: 04.90.85.14.19
Facture au comptant
Euro
1 LAIT ECREME POUDRE 4.35
(Nombre d’articles:  1)
TOTAL Euro 4.35
Dont TVA 5.5  0.23
ESPECES 5.00
RENDU 0.65
Mercredi 15/03/2017 à 16:51
Ticket N°: 170315020094
Caisse N°:02 Magasin N°:02
Hote(sse) :CAISSE2
Merci et à bientôt.
0283A
"
619,True,2017-05-02 12:31:00,0.6686666666666666,7.25,0.6675333333333333,"SUPER
Route de Codognan
30310 VERGEZE
Tél : 04.66.35.36.30
De 8h30 à 20H00
Le dimanche de 8h30 à 12h30
Opérateur Date Heure TPV Ticket
236 AM 02/05/17 12:31 9 77586
>>>> CREMERIE L.S.
STE MAURE SOIGNON BUCH.23%200G  1.75 €
>>>> PAT INDUSTRIELLE
HAMB.GEANT COMPLET JACQUET X4 1.40 €
>>>> BOUCH.LS.INDUST.
S.HACHE 15%MAT.GR U 2X125G 2.50 €
>>>> BVP
PAIN BATARD CEREALES SELECT 1.60 €
TOTAL 4 Article(s) 7.25 €
ESPECES 10.25 €
Rendu ESPECES 3.00 €
11 / Taux Réduit 5.5% = 0,38 €
VOS AVANTAGES CARTE U
CODE MAGASIN : 90130
No CARTE : 8939XXXXX26753
VOS € CARTE U ACHAT 
1 x 0.10 € GRACE A VOTRE AVANTAGE VISITE 0.10 € 
MONTANT ACHATS : 7.25 €
VOTRE SOLDE € CARTE U PRECEDENT : 6.09 €
VOS € CARTE U OBTENUS  : 0.10 €
VOTRE NOUVEAU SOLDE € CARTE U : 6.19 €
Les € Carte U obtenus ce jour, seront à valoir dès
le lendemain, sur présentation de votre Carte U,
dans tous les magasins U participant au programme
de fidélité. Voir conditions b l’accueil.
TICKET A CONSERVER
Opérateur Date Heure TPV Ticket
236 AM 02/05/17 12:31 9 77586
MERCI DE VOTRE VISITE
A BIENTOT
TICKET A CONSERVER
6690130009077586
"
622,True,2017-07-05 17:28:56,0.7045,8.07,0.6685666666666666,"Aux Saveurs
d\'ASie
Epicerie fine
Produits exotiques
Cadeaux
Décoration
14-16 rue des Dames
I 7000 La Rochelle
Tel: 05.46.50.52.14
Ticket 93386-3
Edité le 05/07/2017 à 17:28:56
Vendeur : HELENE ( 1 )
Oté Désignation Prix €
NON PESE 0.53kg x 4.99€/kg = 2.64€
EDDOES FR 2.64
NON PESE 0.69kg x 4.75€/kg = 3.28€
SOI SAM FR 3.28
Sous-Total 5.92
1 SAUCE SOJA CLAIRE 500ML 2.15
Total 8.07€
Hors Taxes 7.65
Reçu CARTE (1×8.07) 8.07
TVA à 5.50% 0.42
AUX SAVEURS D’ASIE
VOUS REMERCIE…
Saint Antoine-Marie Zaccharia
"
636,True,2019-06-06 12:37:00,0.478,7.99,0.501,"Cultura
l’esprit jubile
Tel : 05 46 35 50 50
Du lundi au samedi de 9h à 20h
Vous avez été reçu par THOMAS
CARTE DBL A4 GR x1 (5)
3419610012629 7,99 7,99
NET A PAYER EN EUR : 7,99
PAIEMENT EN EUR
CARTE BANCAIRE : 7,99
DETAIL TVA
CODE TAUX HT TVA TTC
5 20,00 6,66 1,33 7,99
Nombre d’articles : 1
Nombre de retours : 0
CAISSE : 073 – 07 LE 22/06/2017
TICKET : 110566 A 19:12:37
6000 7410 7001 1056 60
Retrouvez nos offres 24/24
sur cultura.com
"
639,True,2017-05-04 11:47:00,0.6224333333333333,75.99,0.6682666666666667,"B i envenue
POUPEE POUDREE
34 RUE GARGOULLEAU
17000 LA ROCHELLE
Tel. : 05 46 50 02 51
Siret 508 182 383 00010
Caisse 1 TICKET 020730
le 04/05/2017 11:47
Vendeur : KAT
T SHIRT VISUMI
BLEU MARINE M
002074 16.99 Eur
BLOUSE POMPOM RAINBOW
VERT 38
002085 59.00 Eur
Total 75.99 Eur
TVA 20 % 12.66 Eur
CARTE DE CREDIT 75.99 Eur
Nombre d’articles : 2
Echange avec ticket de caisse
sous 2 mois
MERCI DE VOTRE VISITE"
644,True,2015-07-01 07:12:06,0.5515666666666666,8.29,0.5012666666666666,"LIDL
ST JEAN O’ANGELY 3543
ZA la Grenoblerie I
17400 ST JEAN D’ANGELY
Lundi – Samedi 08h30-20h00
EUR
Bénédicta Mayonnaise 1.79 A
Oeufs Label Rouge 1.49 A
Tomate grappe frança 0.43 A
0.666 kg x 0.65 EUR/kg
Salade de museau lyo 4.58 A
2 x 2.29
A PAYER 8,29
Espèces 50.00
Rendu -41.71
A 5.5% TVA de 8,29 0,43
3543 010859/07 12.06.17 15:17
Payer sans contact et tentez
de gagner la valeur de vos courses
en bons d’achats !
Retour marchandises pendant un mois
voir conditions en magasin.
Pièces détachées disponibles
conditions et produits : lidl.fr
"
650,True,2017-06-07 16:57:00,0.6345,7.95,0.6674,"ZARA
ZARA France Sarl
348 991 555
RCS Paris
ZARA
140 BIS, rue de Rennes
Téléphone : 01.42.84.44.60
07/06/2017 16:57 86497
3064 387848 02 Trans: 330883
S S TVA P UN PRIX/U TOTAL C
T F 2000 T 1 7,95 7,95 V
10001962 0008511206102 T-SHIRT
Total 1 7,95
EMV AXIS EUR 7,95
VENTE
Num. Carte: 513414******7132???
EMV
Titular:
ID Operaciòn:
N. Autorizaciòn.: 03064021706073
0p. token: 0 Trans. ID: 0
Date: 07-06-17 Heure: 16:57:41
Montant : 7,95 EUR
MERCI DE VOTRE VISITE
6600306402387848330883"
652,True,2017-06-10 14:15:34,0.6990666666666666,5.26,0.6682666666666667,"naturenville
Relais Producteurs Procession
87, rue de la Procession
angle 21 rue G. Duhamel – 75015 PARIS
Tel. 01 43 35 42 54
N° TVA intra. FR92 800 514 09
Ticket 18333-3
Edité le 10/06/2017 à 14:15:34
Vendeur : FRANÇOISE ( 1 )
Désignation Qté x PU € Prix €
PESEE 0.55kg x 3.98€/kg = 2.19€
POMME BRAEBURN 2.19
PESEE 0.41kg x 3.95€/ks = 1.62€
FENOUIL CONVERSION BI0 1.62
SALADE FEUILLE DE CHENE VERTE BIO
1 x 1.45 1.45
Sous-Total 5.26
Total 5.26€
Hors Taxes 4.99
Reçu CARTE (1×5.26) 5.26
TVA à 5.50% 0.27
NATURENVILLE
VOUS REMERCIE…
Saint Landry"
653,True,2001-05-07 00:00:00,0.3048,27.39,0.5009333333333333,"LIDL
Paris Labrouste 1063
24 Rue Henri Labrouste
75015 Paris
Lundi – Samedi : 8h00 – 21H00
EUR
Poivron rouge vrac 0.69 A
0.232 kg x 2,99 EUR/kg
Pomme Golden vrac 1.24 A
0.656 kg x 1,89 EUR/kg
Poire Vrac 1.83 A
0.736 kg x 2,49 EUR/kg
Carotte 0.99 A
Menthe 1.59 A
Pomme de terre Minut 0.99 A
Plats exotiques mous 1.69 A
Plats exot. poulet a 1.69 A
Emmental râpé 3x70g 1.12 A
Salade de carottes 0.67 A
Salade mélangée 1.19 A
Farine type 45 0.45 A
Oeufs DJP cal. gros 1.43 A
Sucre sachet 0.75 A
Purée de tomates 1.56 A
4 x 0.39
Lentilles 0.69 A
Champignons émincés 0.82 A
Sauté de veau 1.73 A
Betteraves rouges 0.69 A
Mentos Gum Box 2.79 B
Mentos Gum Box 2.79 B
A payer 27.39
Carte 27.39
A 5.5% TVA de 21,81 1,14
B 20.0% TVA de 5,58 0,93
1063 141663/01 24.04.17
LIDL, le vrai prix des bonnes choses
Retour marchandises pendant un mois
voir conditions en magasin.
Pièces détachées disponibles
conditions et produits : lidl.fr
"
660,True,2017-06-14 12:57:18,0.6875,12.1,0.5016999999999999,"BURGER KING®
BK-24111
Avenue Henri Becquerel
17000 La Rochelle
SIRET:808 944 110 00010
Data/Heure:
14/06/2017 12:57:18 PM
Commande 408
Qté Description Prix
1 X-CREAM® BOUNTY® €3.20
Comme C’est Éclats BOUNTY®
Comme C’est Sauce BOUNTY®
1 MENU DOUBLE WHOPPER® BBO €8.90
DOUBLE WHOPPER® BBQ
6 ONION RINGS
Avec Sauce Aigre Douce
SPRITE MOYEN (40cl)
Comme C’est Glace
Total €12.10
TVA 10% €1.10
TVA 20% €0.00
TVA 5.5% €0,00
Tillster Order ID: 7732
Kiosk: K5
Merci
Complétez notre questionnaire de satisfaction sur
www.bkvousecoute.fr
"
663,True,2017-05-30 09:23:19,0.6943,5.7,0.5012000000000001,"PAUL
ELIOR CONCESSIONS GARES SAS
Gare SncF Boulevard Sergent. Triaire 30000 Nimes
Tél : 04 66 27 61 30
RCS NANTERRE 524?959?236 TVA FT76524959236
CAMILLE H
1 SLD FETA AOP ET CRUDIT?S 5.70
TOTAL 5.70
HT TVA TTC
TVA 10.00% 5.18 0.52 5.70
ESPECES 20.70
RENDU -15.00
( PASSAGE )
MARDI 30-05-2017 09:23:19 (A EMPORTER)
Cle 11-Serv.: 11-CAISSE 3-NOTE 000118/1
Montants exprimés en euros
Faites-nous part de vos remarques à
serviceclient@areas.com
Merci de votre visite et au revoir
Areas"
665,True,2017-05-05 12:29:08,0.7359333333333333,11.32,0.6682,"SATORIZ Le bio pour tous
ZAC GRAND ANGLE
RUE DE LA TRAMONTANE
30 133 LES ANGLES
04.90.16.95.61
Impression sur Caisse N : 3
Date Impression : 05/05/2017 a 12:29:08
Ticket de la caisse N : 3
Ticket : 5079112 / 0
Date Ticket: 05/05/2017 12:28:30
Serveur : SERVEUR
Ticket ENCAISSER
QTE PU € PP €
1 un COOKIES FOURRES 2.57 2.57
(Remise de -10%)
1 un CRUSTY PICKS FR 2.10 2.10
1 un SALADE MEXICAIN 2.95 2.95
1 un CHEF QUINOA CUR 3.70 3.70
(Remise de -10.84%)
Total Ttc 11.32€
Especes 11.32€
TVA Ht Tva
5.50 % 10.73 0.59
Le magasin est ouvert
du lundi au samedi
9h -19h
Merci. A bientôt
"
666,True,2017-05-27 10:49:10,0.6773666666666667,23.23,0.6672666666666667,"Intermarché
ENTREPRISE INDEPENDANTE
S A S LES BOIFFIERS
1 COURS HECTOR BERLIOZ
17100 SAINTES
TEL:0546930535
TOMATE GRAPPE
0.705 kg X 1,99EUR0/kg 1,40 EUR A
PAIN CHOCOLAT P.BEUR 2.50 EUR A
POIRE ABATE VRAC
1.285 kg X 3,20EUR0/kg 4,11 EUR A
ALWAYS PROTEGE. SLIP 1.77 EUR A
COTE D’OR BLOC NOIR 2.22 EUR A
PATURAGES TOURTEAU F 1.65 EUR A
LFC BAG BASE FARINE 0.79 EUR A
BAGUETTE SESAME PREC 1.05 EUR A
TOMATE CERISE ALLONG 0.99 EUR A
RANOU TABOULE RAISIN 0.90 EUR A
FRAISE MARA DES BOIS 2.79 EUR A
ENTREMONT COMTE FRUI 3.06 EUR A
2 PHILIPS 10E=1 Vign.
CB EMV 23.23 EUR
Nombre d’articles vendus= 12
TOTAL ELIGIBLE TRD 16.74 EUR
A RENDRE 0.00 EUR
ESPECES 0.00 EUR
RECAPITULATIF TVA
CODE TVA MT. HT MT. TVA MT. TTC
A 5.50% 22,02 1,21 23,23
CARTE FIDELITE 3250390100032324976
AVANTAGES FIDELITE
SOLDE DISPONIBLE 0.28
AVANTAGES PRODUITS
PATURAGES TOURTEAU F 0.17
TOTAL AVANTAGES PRODUITS 0.17
TOTAL AVANTAGES DU JOUR 0.17
BONUS +25%
Vous avez déjà effectué vos 4 visites
ce mois-ci. Vous toucherez votre bonus
de 25% à la fin du mois.
Continuez à venir pour augmenter votre
bonus.
10:49:10 27/05/2017
M09133 C004 00016 T0064
VOTRE MAGASIN
ouvert tous les dimanche
DE 9hOO A 12hOO
"
668,True,2017-05-10 11:50:45,0.6821,75.06,0.6675,"SIMPLY ST JEAN DE BRAYE
BIENVENUE DANS VOTRE MAGASIN
Avenue Charles Peguy
02.38.61.51.00
>> EPICERIE
ROUDOR 2.19€
CARTE NOIRE 3.35€
COOKIES PEPIT CH0C01 3.39€
PALET PEP CHOC S/GLU 3.05€
KELLOGGS FR0STIES400 2.25€
>> D.H.P
BROSSE DENTS 1.55€
BROSSE DENTS 1.89€
DENTIFRICE 2.99€
GEL DOUCHE 1.99€
SHAMPOOING 2.05€
MOUCHOIR 0.98€
MOUCHOIRS 1,99€
SAVON RECTANGLE PATC 1.73€
>> SURGELES
POM RISSOLEE 0.88€
>> CREMERIE LS
CREM FOUETTE 1.43€
>> BOUL PAT TRAD
BAGUETTE 250G 1.16€
4 x 0.29€
>> BOUL PAT INDUS
BRIOCH TRESSE NAT PA 2.75€
EXTRA LARGE 0.78€
>> FLEG FLEURS PLANTES
BANANE 2.22€
1.240kg x 1.79€/kg
FRAISE PLATEAU 1KG 4.99€
CHAMP BQ 500G 1.50€
TOMATE RONDE GRAPPE 1.87€
1.045kg x 1.79€/kg
TOMATES 1.00€
TOMATES 1.00€
AIL VIOLET TUBE 1 TE 1.25€
ANANAS ENTIER 400G 3.99€
NOIX DE COCO 150G 2.25€
>> BOUCHERIE
BOEUF X1 ROTI* 12.96€
PORC X6 FILET SS OS 5.63€
Sous-Total ( 32) 75.06€
* T 0 T A L ( 32) 75.06€
CARTE BANCAIRE EUR 75.06€
010/408 N°000339 10/05/2017 11:50:45
"
676,True,2017-05-02 11:47:44,0.5790666666666666,14.95,0.6674333333333333,"lnteRmaRché
INTERMARCHE
ENT.INDEP.ARRETE DU 21/02/91
DOLUS D’OLERON
TEL 05.46.75.44.40
SIRET 332 944 032 00017
LU GRANOLA EXT.COOK. 1.41 EUR A
*74246 ECODIM MCX5 F 7.99 EUR B
IDS SCISSE AUVERGNE 2.50 EUR A
DAUN SDW TRG XXL PLT 2.11 EUR A
BOUT.OR CHIPS CRAQUA 0.94 EUR A
1 PHILIPS 10E=1 Vign.
MONTANT DU 14.95 EUR
CB EMV 14.95 EUR
Nombre d’articles vendus = 5
TOTAL ELIGIBLE TRD 5.55 EUR
A RENDRE 0.00 EUR
ESPECES 0.00 EUR
RECAPITULATIF TVA
CODE TVA MT. HT MT. TVA MT. TTC
A 5.50% 6,60 0,36 6,96
6 20.00% 6,66 1,33 7,99
TOTAL TVA 13.26 1,69 14,95
11:47:44 2/05/2017
M09160 CO11 00101 T0081
Ce ticket sert de bon de garantie
AUCUNE MARCHANDISE NE SERA REPRISE
MERCI DE VOTRE CONFIANCE
A BIENTOT
DE 9H00 A 19H30
"
677,True,2017-05-24 21:56:58,0.6831,54.6,0.5015333333333334,"PEPPONE LA ROCHELLE
32, rue Saint Nicolas
17000 LA ROCHELLE
FR 15533979472
CAISSE1 #2 : 0000
LA ROCHELLE
mer. 24 mai 17 21:56
GER
Opened : 24/05/2017 21:56:58
Closed : 24/05/2017 23:30:33
Table 301 – Couverts 3
Note Provisoire
1.00 Pizza Intervista 13.90
1.00 Pizza Media 14.90
1.00 Spaghetti Champignons 10.90
1.00 Amarena Melba 6.95
1.00 Ass. Merdouilles 7.95
Total 54. 60
A payer 54. 60
Merci de votre visite,
A bientôt!
"
678,True,2017-06-01 12:34:20,0.6852666666666667,9.4,0.6676333333333333,"BURGER KING®
#BK-24111
Avenue Henri Becquerel
17000 La Rochelle
SIRET 808 944 110 00010
Date/Heure:
01/06/2017 12:34:20 PM
Commande 168
Qte Description Prix
1 X CREAM®  BOUNTY® €3.20
1 DOUBLE CHEESE BACON XXL €6.20
Total €9.40
TVA 10% €0.85
TVA 20 % €0.00
TVA 5.5% €0,00
Tillster Order ID: 453
Kiosk K3
Merci
Complétez notre questionnaire de satisfaction sur
www.bkvousecoute.fr
CARTE BANCAIRE EMVLFA0000000421010LFCB
LFLE 01/06/17 A 12:33 55LFBURGER KING LF1
PERIGNY LF5930729
8089441 i 000010LF16378LFXXXXXXXXXXXX7903
LFF6A7CB8F1636327ALF003 000018 02 C LF
LFMONTANT REEL LF 9.40 EURLFPour
information LF 9.40 EURLFMONTANT
ESTIME:LF 9.40 EURLFDEBITLFTICKET
CLIENT LFA CONSERVERLFLFLFLFLFLFLF
"
685,True,2017-03-27 12:40:23,0.8049333333333333,7.3,0.6701,"LA POSTE
BUREAU DE ORLEANS PLACE DE GAULLE
EDITE LE: 27/03/2017 A 12:40:23
AUTOMATE LISA : 452340LSA2G1300
NUMERO DE REÇU : 121576
DETAIL DE LA COMMANDE
1 Carnet(s) timbres verts : 7,30 EUR
TYPE PAIEMENT : CB-EMV
TOTAL COMMANDE : 7,30 EUR
TOTAL DISTRIBUE: 7,30 EUR
MERCI ET A BIENTOT
Pensez à la
Lettre Recommandée automate
Pas de bordereau à remplir !
Dépôt rapide en boîte dédiée,
Preuve de dépôt par courriel.
Et en + : un carnet d’adresses
stocké sur laposte.fr"
690,True,2017-03-09 13:22:15,0.6800333333333333,8.0,0.5012666666666666,"FACTURE
Restaurant McDonald’s Saintes
3 Bis Rue de Voiville
17100 Saintes
Tel.05.46.93.32.32 Fax.05.46.93.34.43
SIRET 410 762 744 00028 – APE 5610C
RCS Saintes TVA INTRA FR50 410762744
ID Equipier 2
Restaurant 25000586
#CDE 05 – Caisse 3 – 09/03/2017 13:22:15
QTE PRODUIT UNIT TOTAL
1 B0 280 Chevre 8.00 8.00
1 Jus Orang.BestOf
1 Frite Best Of
A Emporter Total (TVA INCL) 8.00
ECB 8.00
02 8.00 TVA A 10.00% INCL. = 0.73
Merci de votre visite.
Prenez quelques minutes
dans les 7 prochains jours
pour nous donner votre avis,
il compte pour nous !
RDV sur le site www.mcdoetmoi.com
www.satable.fr/586
Biere soumise a TVA de 20%
"
693,True,2017-03-11 16:27:14,0.6113666666666666,55.92,0.6673666666666667,"HYPER
Coop Atlantique
Saintes
Cours Maréchal Leclerc / BP 56
17102 Saintes
Tel : 05 46 93 32 70
Opérateur Date Heure TPV Ticket
136 SK 11/03/17 16:27 14 178447
>>>> LIQUIDES
NECTAR OR./PECH./ABRL.BIO 1.5L 1,78 €
VOLVIC JUICY FRAISE 1.5L
3 x 1,24 € 3,72 €
>>>> CREMERIE L.S.
MN CHEVRE FRAIS 15% COUP.6X20G 2,15 €
TIRANISU SPECULOOS USAV.2X100G  2,05 €
CHEVRE CHAUD X 4 1,95 €
OEUFS GROS CALIBRE BIO LOUE X4 1,84 €
FR.PAS.CHEV.PYRAMIDE 11%U 1500 1,45 €
CREME FR.EP. 15% BRIDELICE 10CL 0,56 €
>>>> FRUITS ET LEGUMES
CHAMPIGN.BLC P/COUPE A FARCIR
0,098 kg x 3,99 €/kg 0,39 €
>>>> ENTRETIEN
X20 SAC P0UBEL.U.RES.30L H.BAG 2.39 €
LIQ.VAISS.FRAMB.RAINETT 500ML 1,58 €
X25 SAC.P. 15L BLC VANILLE 1,45 €
>>>> EPICERIE
MANGEOIRE INOX P/CHAT 4,10 €
CHOCO.NR NESTLE DESSERT 2X205G  3,81 €
60G CRISPY CRUNCH COEUR SAUMON 2,50 €
AUBEROIN.CASSEGRAIN 1/4 2,02 €
RATATOUILLE 1/4 2,02 €
ASPERGES VERTES EN BOCAL 1,79 €
DELICES 4VAR.POISSON 1,32 €
>>>> PAT INDUSTRIELLE
MADELEINET.CHOC NOIR 2,29 €
MADEL.CHOC.NOIR 1,66 €
BAGUETTES FENDUES 1,26 €
>>>> CHARC.TRAIT.SAUC.SECS L
FLT LIEU RIS0T.T0M.BAS.FM.280G 4,64 €
GALETTE.SARRASIN SS GLUTEN X4 2,32 €
JBON SC LABEL ROUGE FM 2TR 80G 1,99 €
BETTERAVES ROUGES U BIO 200G  1,69 €
>>>> BVP
PAIN CHOCOLAT PB SELECTION X2 1,20 €
TOTAL 29 Article(s) 55,92 €
CARTE BANCAIRE EUR 55,92 €
11 / Taux Réduit 5,5% : 2,22 €
13 / Taux Normal 20% = 2,22 €
AVEC LA CARTE U VOUS AURIEZ OBTENU
0,20 €
Opérateur Date Heure TPV Ticket
136 SK 11/03/17 16:29 14 178447
Du lundi au jeudi 9h - 20h
le vendredi 9h - 21h
le samedi 9h - 20h
Merci de votre visite. A bientôt.
hyperu.saintes@systeme-u.fr

6631442014178447"
702,True,2017-03-24 16:49:00,0.6455000000000001,25.99,0.6673333333333333,"ZARA
348 991 555
ZARA – LA ROCHELLE
Téléphone 05.46.56.58 50
24/03/2017 16:49 86464
1277 136831 02 Trans: 166824
S S TVA P UN PRIX/U TOTAL C
T P 2000 T 1 25.99 25.99 V
10001396 0051804650504 BLOUSON
Total 1 25.99
EMV AXIS EUR 25.99
* * * * * VENTE * * * * *
Num Carte 513277******17489???
EMV
S/N 90127702
Opération Num 01277021668241
Autorisation Num A 243720
Date: 24-03-47 Heure: 16:49:2
Montant 25.99 EUR
***** MERCI POUR VOTRE VISITE *****
6600 27702136831 66824
"
704,True,2017-03-30 12:37:05,0.6101333333333333,10.16,0.6675666666666668,"AUCHAN
SAINT-JEAN
TELEPHONE: 02.38.22.73.00
Ouvert du lundi au samedi 8h30 – 21h30
>>> www.auchan.fr <<<
0012 Caisse Minute 12
04 ANANAS EN MORCEAU 3.26
02 *BQ 300G RIZ SAUTE AU POUL 6.90
2 TOTAL 10,16 Eur
Paiement C . BANCAIRE
10,16 Eur
RENDU 0,00 Eur
Informations TVA (montants en euro)
Code Taux TVA TTC
0004 5,500% 0,17 3,26
0002 10,000% 0,63 6,90
Totaux: 0,80 10,16
00012 142 088037 0012 12:37:05 30/MAR/17
** A CONSERVER pour la Garantie ** www.
auchan.fr/disponibilitepiecesdetachees**
**LA BILLETTERIE, SPECTACLES AUCHAN**
*C\'est le rendez-vous incontournable*
***** de vos sorties et vos loisirs*****
"
710,True,2017-03-18 12:23:00,0.6367333333333334,31.06,0.6681666666666666,"TK5-089248 18/03/2017 12:23

l’heure du marché
?-vous ? ? ? !
L\'HEURE DU MARCHE
12 AVENUE DU 11 NOVEMBRE
17138 PUILBOREAU
Tel: 05-46-52-70-29
Vendeur:INVITE
Bonjour Clients caisse
OLIVE CASSEES AIL 5,00 EUR
9,90EUR/kgx 0,505kg
Tare: 0,020kg
POISSONNERIE PESEE 26,06 EUR
Ote: 1 26,06 EUR
Sous-total 31,06
Total HT: 29,44
Total TVA: 1,62
Net TTC: 31,06
Taux réduit sur 29,44 1,62
Paiement par Carte bancaire 31.06 EUR
OUVERTURE DU LUNDI AU SAMEDI
DE 9H00 A 19H30
MERCI ET A BIENTOT
"
715,True,2017-03-06 17:05:00,0.5426333333333333,71.11,0.5006333333333334,"** BIOCOOP REGAIN **
LUNDI DE 14HOO A 19HOO
MARDI AU SAMEDI : 9HOO-19HOO
DESIGNATION MONTANT €
Vendeur : GUILLAUME
LAIT AMANDE CHOCO MINI
1 X 1.90€ 1.90
PRIX PROMOTION
FUSILLI SARRASIN
1 X 4.41€  4.41
RIDE DRINK NATURE X6
1 X 8.70€  8.70
SEL MOULU SALIERE 250G
1 X 2.40€ 2.40
DESSERT CHOCOLAT/BREBIS 125G
1 X 1.10€ 1.10
DESSERT CHOCOLAT/BREBIS 125G
1 X 1.10€ 1.10
FONDANT DE BREBIS 35%MG
0,140 X 30.55€  4,28
SOJADE NATURE X4
1 X 1.80€  1.80
SOJADE NATURE X4
1 X 1.80€ 1.80
TOFU LACTOFERMENTE AU TAMARI
1 X 3.20€ 3.20
SALADE
1 X 1.25€ 1.25
BROCOLI
0.420kg X 3,40€/kg 1,43
BANANE
0.970kg X 2,25€/kg 2,18
DESSERT BREBIS VANILLE BERGERIE DE LOZER
1 X 1.10€ 1.10
DESSERT BREBIS VANILLE BERGERIE DE LOZER
1 X 1.10€ 1.10
GOURDE YAOURT FRAISE/BANANE
1 X 4.20€ 4.20
GOURDE YAOURT FRAISE/BANANE
1 X 4.20€ 4.20
GOURDE POMME FRAMBOISE BANANE
1 X 3.95€ 3.95
GOURDE POMME POIRE X6
1 X 3.90€  3.90
PASSATA BJP 680GR
1 X 1.45€ 1.45
OEUF*10 CALI53 63
1 X 4.05€ 4.05
FLOCONS DE SARRASIN POCHE
1 X 3.00€ 3.00
FLOCONS MILLET POCHE
1 X 2.35€ 2.35
POMME
0.685kg X 3,20€/kg 2,19
RIZ BASM 1/2 COMPL VRAC
0.785kg X 4,80€/kg 3,77
GINGEMBRE RACINE FRAICHE
0.050kg X 6,05€/kg 0,30
TOTAL € 71.11
CARTE CREDIT Euro 71.11€
Taux Mt HT T.V.A Mt TTC
5.50% 67,40 3,71 71,11
Ticket : 1-02960 Dt 6/3/17 17h05
17690 ANGOULINS TEL: 05 46 42 05 03
REGAIN VOUS REMERCIE DE VOTRE VISITE
"
718,True,2017-03-06 16:45:00,0.6260666666666667,9.27,0.6687666666666666,"TK2-022883 06/03/2017 16:45
l’heure au marché
Promenez-vous dans le goût !
L’HEURE DU MARCHE
Avenue des Fourneaux
17690 ANG0UL1NS
Tel : 05 46 28 18 18
Vendeur:CHL0E
Bonjour Clients caisse
POISSONNERIE PESEE 9.27 EUR
Ote: 1 9.27 EUR
Total HT: 8.79
Total TVA: 0.48
Net TTC: 9.27
Taux réduit sur 8.79 0,48
Paiement par Carte bancaire 9.27 EUR
OUVERTURE DU LUNDI AU SAMEDI
DE 9H00 A 19H30
MERCI ET A BIENTOT
"
719,True,2017-04-01 10:31:00,0.6308333333333334,87.4,0.3346666666666666,"Jardinerie de
l‘ Océan
Pépinières ROBIN
17139 DOMPIERRE-sur-MER
T{l .05.46.35.30.14 – Fax .05.46.35.39.32
Ticket 521784 Du 01/04/2017 @ 10:31
Caisse:2 Ope:Marie
MANON
X 87.40
*Terreau Bio Actif 40L Secret 10.50
*Vivace (godet noir) 23.60
8.00 X 2.95
*Vivace 8.00
4.00 X 2.00
*Vivace (godet rouge). 21.00
6.00 X 3,50
*Azal{e japonaise 17.50
*Bulbes categorie A 6.80
2.00 X 3,40
87.40 EUR
TOTAL TTC #
*
DONT TVA # 7.95
I
Mt en FRF 573.31 FRF
RGLT: 87.4/Carte
OUVERT DU LUNDI AU SAMEDI
8.30 H 12.00 H 14.00 H 18.30 H
MERCI DE VOTRE VISITE
"
736,True,2016-12-26 11:50:37,0.6864,6.9,0.5011,"OU I SHOP
HRC SAS
A6 Aire de Maison Dieu 89420 GUILLON
Tel : 03 86 32 11 34
RCS NANTERRE 379 455 231 TVA FR89379455231
SOPHIE N.
1 PETITS COOKIES BONNE MAMA 3.95
1 KIT KAT TRIPACK 135G 2.95
TOTAL 6.90
HT TVA TTC
TVA 5.50% 3.74 0.21 3.95
TVA 20.00 % 2.46 0.49 2.95
CARTE BLEUE 6.90
( PASSAGE )
LUNDI 26-12-2016 11:50:37 (A EMPORTER)
Cle 20-Serv.: 20-CAISSE 5-NOTE 000138/1
Montants exprimés en euros
Faites-nous part de vos remarques à
serviceclient@areas.com
Merci de votre visite au revoir
Areas
Préparez votre prochain voyage sur autoroute avec
uuu.a ires-autoroute-el ior.com"
738,True,2016-10-28 16:51:00,0.6123333333333333,5.47,0.5007,"stokOmani
STOKOMANI
RN 137 Les Hautes Versennes
17690 Angoulins Sur Mer
Tel : 0 825 89 32 32 .
www.stokomani.fr
EUR
10 SACS POUBELLE A/LIEN 50L 1.99
40 SERVIETTES IMPRIMEES PAPIER 33*33 1.99
50 GOBELETS PS TURQUOISE 1.49
TOTAL 5.47
Carte Bancaire 5.47
Gr % TVA Net TVA Brut
7 20.00 4,56 0,91 5,47
VOTRE OPERATEUR EST :
KATIA M
Votre magasin est ouvert
de 10h à 19h, du lundi au samedi
Echange sous 15 j avec ticket de caisse
*voir conditions en magasin)
03200924512816510000000547
ART 00003 TRANSACTION : 0092451
Opér ID Date Heure
000002339 032 28/10/2016 16:51
"
745,True,2016-11-11 19:33:46,0.6828666666666667,13.9,0.6679666666666666,"RT – LE QUAI GOURMAND
Parc du Futuroscope
Bp 2000 – 86130 Jaunay-Clan
Tel : 05.49.49.30.00
Siret : 44403090200027
(TVA Intracomm : FR60 444 030 902 )
11/11/2016 19:33:46 300D 831 - 24
1 UNI FORMULE 13.90 € 13.90
PLAT CHAUD
DELICE CASSIS
TOTAL NET TTC A REGLER 13.90 EU
R
Tx TV Mt HT Mt TVA Mt TTC
10.00% 12.64 1.26 13.90 EUR
CARTE BANCAIRE 13.90 EUR
- Prix nets -
MERCI DE VOTRE VISITE
"
754,True,2017-01-20 18:12:00,0.4784,92.82,0.5009333333333333,"** BIOCOOP REGAIN **
27 AVENUE LAGORD VENDOME
17140 LAGORD – TEL : 05.46.67.50.23
DESIGNATION MT Euro
Vendeur : MAELA
RICE DRINK NATURE X6 8.70
FARINE NOIX COCO 5.50
FLOCONS MILLET POCHE 2.35
0EUF*10 CALI53 63 4.05
DESSERT BREBIS VANILLE BERGERIE DE LOZER
3X 1.10€ 3,30
DESSERT CHOCOLAT/BREBIS 125G
2X 1.10€ 2,20
DESSERT BREBIS VANILLE BERGERI 1.10R
GOURDE POMME FRAMBOISE BANANE 3.95
FLOCONS DE SARRASIN POCHE 3.00
GOURDE YAOURT FRAISE/BANANE 4.20
MADELEINE AMANDE SS GLUT 4.25
GOURDE YAOURT FRAISE/BANANE 4.20
FUSILLI SARRASIN 4.90
BIO TAMARI 250ML 5.15
BOUILLON POUDRE SANS LEVURE 9.10
TOFU LACTOFERMENTE AU TAMARI 3.20
THON GERMON AU NATUREL 132G
2 X 3.60€ 7,20
SPECIALITE FIGUES 3.30
GINGEMBRE RACINE FRAICHE
0.185 X 6,03€ 1,12
RIZ BASM 1/2 COMPL VRAC
0.9 X 4,80€ 4,32
NOIX DE CAJOU VRAC
0.276 X 23,50€ 6,49
GRENADE
0.25 X 4,95€ 1,24
TOTAL € 92.82
CARTE CREDIT Euro 92.82€
Taux Mt HT T.V.A ML TTC
5.50% 87,98 4,84 92,82
Ticket : 3-01599 Dt 20/1/17 18h12
REGAIN VOUS REMERCIE DE VOTRE VISITE
A BIENTOT
"
757,True,2016-12-18 11:01:26,0.6872,13.42,0.6675,"Intermarché
ITM LA PALLICE
SAS LANIDIS
21 RUE EUGENE D’OR
17000 LA ROCHELLE
TEL 05 46 42 61 25

BIENVENUE DANS VOTRE INTERMARCHE

EVIAN SNOW E.MIN.6X1  2,85 EUR A
CHABRIOR MADELEINE C 2,08 EUR A
TOP BUDGET BISCOTTES 1,71 EUR A
MERLU ENTIER 12,20 EUR A
CAISS. POT AU FEU** 4.22 EUR A
JORD.C.CRISP S.ERABL 3,70 EUR A
IV0RCA PEANUT ET CHO 1,89 EUR A
CHOUX CHINOIS PIECE 2.79 EUR A
NAVET BLANC VRAC
1.052 kg X 2,99EUR0/kg 3,15 EUR A
pomme moche granny
1.358 kg X 2,15EUR0/kg 2,92 EUR A
CREVETTES ROSES CUIT 4,30 EUR A
CAISS. POT AU FEU** 2,90 EUR A
IVORCA BLOC NOIR NOI 1,49 EUR A
AMANDE DE MER 3.62 EUR A
FORET NOIRE 2X90GR 4.35 EUR A
MONTANT DU 54.17 EUR
CB EMV 54.17 EUR

Nombre d’articles vendus= 15

TOTAL ELIGIBLE TRD 13,42 EUR
A RENDRE 0,00 EUR
ESPECES 0,00 EUR

RECAPITULATIF TVA
CODE TVA MT.  HT MT. TVA MT. TTC
A 5,50% 51,35 2,82 54,17
CAISSIERE: SYBILLE
11:01:26 18/12/2016
MO 9220 C002 00209 T0068
Du 01 Novembre au 31 décembre
10 % en avantage carte sur
les marques
EXPERT CLUB et LES CREATIONS

Ce ticket vaut bon de garantie
a conserver
"
770,True,2017-01-14 16:16:59,0.6286666666666666,7.0,0.6672333333333333,"Z A R A
348 991 555
ZARA – LA ROCHELLE
Téléphone : 05.46.56.58.50
14/01/2017 16:16 59405
1277 313353 01 Trans: 375599
S S TVA P UN PRIX/U TOTAL C
S F 2000 T 1 12.99 -12.99 R
10001000 0564620180003 PULL OVER
1277/313201/001
S F 2000 T 1 19.99 19.99 V
10002828 0688810462003 CARDIGAN
Total 1 -1 7.00
EMV SANS CONTACT EUR 7.00
VENTE
Num. Carte: 559618******???????
EMV SANS CONTACT
S/N: 90127701
Opération Num... : 01277013755991
Autorisation Num:
Date: 14-01-17 Heure : 16:17:1
Montant : 7.00 EUR
***** MERCI POUR VOTRE VISITE *****
6600 277013 3353375599
"
779,True,2016-12-26 06:22:28,0.7033666666666666,12.95,0.6689333333333334,"TK-0062228 26/12/2016 17:26
C’est le Jeu
5 rue Léon Gambetta
31000 TOULOUSE
Tel : 05 31 15 18 33
www.cestlejeu.com
Client : Client caisse
Vendeur: ARNAUD
Welcome To The Dungeon 1,00 12,95
Total Net HT: 10,79
Total TVA: 2,16
Net TTC: 12,95
Paiement par Carte bancaire 12,95 EUR
ARTICLES ECHANGEABLES SOUS 15 JOURS
(SAUF PROMOTIONS) ET SUR PRESENTATION
DU TICKET.
PAS DE REMBOURSEMENT
A VOUS DE JOUER !
"
794,True,2017-01-14 14:03:14,0.6712666666666667,59.3,0.6670333333333334,"Intermarché
SAS JAYACO ENTREPRISE INDEPENDANTE
ZAC DE L’AUMONERIE
17400 ST JEAN D’ANGELY
TEL 05.46.32.22.66
ART# 03250390370956
LABELL PH 2PL BLANC 2,93 EUR B
LPM DCH&BAIN ORAN/PA 3,97 EUR B
VANIA KOTY SERV SUPE 3,03 EUR A
REXONA WOMEN DEO MUS 2,63 EUR B
ART# 03050070004047
SCORPIO EDT DEODOR.R 2,93 EUR B
STMARC PIST SAVON NO 1,91 EUR B
APTA RECH BROSSE ADH 4,80 EUR B
TOP BUDGET CREME FR. 0,99 EUR A
*LE VIENNOIS CHOCOLA 1,00 EUR A
CLEMENTINE 1,55 EUR A
*DANET.VAN.S/LIT CHO 1,00 EUR A
*DAN.DANETTE CARAMEL 1,00 EUR A
1ER PRIX LT UHT 1/2E
6.00 X 0,67 EUR 4,02 EUR A
PAIC EXCEL+DESTRUC G 1,85 EUR B
PLANTA FIN DOUX 51OG 1,72 EUR B
AGNEAU GIGOT*** 4 TR 10,18 EUR A
*PANZANI TORTI 500GX 1,86 EUR A
ART# 03250390114666
B.OR CORNICHONS E.F 0,95 EUR A
*ALSA SUCRE VANIL 12 1,90 EUR A
BENEDICTA MAYON NATU 1,12 EUR A
BENEDICTA MAYO CITRO 1,64 EUR A
*P.NAV THON ALBACO N 6,32 EUR A
MONTANT DU 59,30 EUR
REMISE FIDELITE 9,75 EUR
CB EMV 49,55 EUR
Nombre d’articles vendus= 22
TOTAL ELIGIBLE TRD 14,89 EUR
A RENDRE 0,00 EUR
ESPECES 0,00 EUR
RECAPITULATIF TVA
CODE TVA MT. TVA MT. TTC MT. HT
A 5.50% 34,65 1,91 36,56
B 20.00% 18,95 3,79 22,74
TOTAL TVA 53,60 5,70 59,30
CARTE FIDELITE 3250390100105506442
LE 14/01/2017 IL VOUS RESTAIT 9,75
EUROS A UTILISER JUSQU AU 28/02/2017.
SOLDE DISPONIBLE 9,75
RAPPEL MONTANT UTILISE 9,75
BONUS +25%
Ce mois-ci, encore 3 visites pour
toucher votre bonus de 25%
à la fin du mois.
[x] [-] [-] [-]
14:03:14 14/01/2017
M09331 C007 00118 TO115
CE TICKET VAUT BON DE GARANTIE
MERCI DE VOTRE CONFIANCE
A BIENTOT
STATION SERVICE
24H 24H
OUVERTURE DE VOTRE INTERMARCHE
TOUS LES DIMANCHE
DE 9H15 A 12H45
"
795,True,2017-01-02 00:00:00,0.2557,14.7,0.6688333333333334,"ECHANGEUR 33 A10
ASP 79360
GRANZAY-GRIPT
Tel : 3605
RECU
?021754125440700148
02/01/17
?ie Cabariot
E?tree Virsac
Classe-tarif..1 km..147
PRIX HT 12,25 euros
TVA 20.00%….2,45 euros
??IX TTC 14,70 euros
RECU VALANT FACTURE
COMPLETER AU VERSO
Paiement…14,70 E ..CB
N° carte : 8506"
802,True,2017-07-17 08:28:00,0.7412000000000001,6.0,0.5062666666666666,"EARL BUGER5
VENDELICE
Balance: O Client: 177
Date : 17/07/2017 08:28
Vendeur: 4 GHISLAIN
kg € /kg €
Divers
1 Art x 4,OO 4.00
Divers
1 Art x 2.00 2.00
TOTAL: 6.00
2 transaction s)
2 Article(+)
MERCI A BIENTOT"
806,True,2017-07-08 14:51:00,0.6505,14.0,0.5016999999999999,"CROCBOOK
14 RUE CHAUDRIER
17000 LA ROCHELLE
TEL : 05.46.50.62.36
SAM 08 JUL 2017 14:51
QTE DESIGNATION P.U. TOTAL
1 ACTIVITE MANUELLE 4.00 4.00
2 BANDE DESSINNEE 5.00 10.00
* TOTAL * 14.00
HT TVA 5% 13.27
DONT TVA 5.5% 0.73
CARTE BLEUE 14.00
RCS La Rochelle : 449 118 561
Retrouvez nous sur
www.crocbook.fr
A bientôt !
Tick 67 VENDEUR 0
"
809,True,2017-07-13 18:51:00,0.6474666666666667,9.5,0.6675333333333333,"SUPER U
80 Bd des Pas Enchantes
44230 SAINT SEBASTIEN SUR LOIRE
TEL: 02.40.80.55.91
FAX: 02.40.80.75.06
Opérateur Date Heure TPV Ticket
101 VLM 13/07/17 18:51 5 254035
LIQUIDES
B/FARO LINDEMANS 4,5° BLE 25CL
10 x 0.95 € 9,50 €
TOTAL 10 Article(s) 9.50 €
CARTE BANCAIRE EUR 9.50 €
13 / Taux Normal 20% = 1.58 €
VOS avantages carte U
CODE MAGASIN : 32313
No CARTE . 6939XXXXX80728
VOS € CARTE U ACHAT 
1 x 0.10 € GRACE A VOTRE AVANTAGE VISITE 0.10 €
MONTANT ACHATS : 9.50 €
VOTRE SOLDE € CARTE U PRECEDENT : 80.56 €
VOS € CARTE U OBTENUS : 0.10 €
VOTRE NOUVEAU SOLDE € CARTE U : 80.66 €
Les € Carte U obtenus ce jour, seront à valoir dès
le lendemain, sur présentation de votre Carte U,
dans tous les magasins U participant au programme
de fidélité. Voir conditions à l’accueil.
TICKET A CONSERVER
Opérateur Date Heure TPV Ticket
101 VLM 13/07/17 18:51 5 254035
MERCI DE VOTRE VISITE
A BIENTOT
6632313005254035
"
819,True,2017-07-09 12:00:13,0.7162666666666666,3.8,0.6722333333333332,"RATP
Station / gare : Pernety
Appareil : 2013 15 A
RECU D\'ACHAT
Edité le 09/07/2017 à 12:00:13
2 Ticket t + a l\'unite
Prix TTC : 3.80 €
Montant total HT 3.45 €
TVA 10.0%: 0.35 €
Montant total TTC : 3.80 €
Mode de paiement : CB
Merci de votre visite
A bientôt
"
824,True,2017-05-25 09:57:07,0.6486000000000001,4.0,0.6688333333333334,"Aux Saveurs D\'Asie
Epicerie Fine
Produits exotiques 
Cadeaux
Décoration
14-16 rue des Dames
I 7000 La Rochelle
Tel: 05.46.50.52.14
Ticket 90225-3
Edité le 25/05/2017 à 09:5707
Vendeur : HELENE ( 1 )
Oté Désignation Prix €
1 NOUGAT MOU 200G FR 4.00
Total 4.00€
Hors Taxes 3.33
Reçu ESPECES (1×5.00) 5.00
Rendu 1.00
TVA à 20.00% 0.67
AUX SAVEURS D’ASIE
VOUS REMERCIE…
Sainte Sophie
"
837,True,2017-06-12 12:41:32,0.6799333333333333,8.4,0.5011666666666666,"FACTURE
Restaurant McDonald’s
LA ROCHELLE LES MINIMES
Pôle loisirs des Minimes
Rue de la Scierie «
17000 LA ROCHELLE
Tel.05.46.44.00.66 Fax.05.46.44.04.03
SIRET 41503657300020 – APE 5610C
RCS La Rochelle TVA INTRA FR77415036573
ID Equipier 171
Restaurant 25000688
*CDE 45 – Caisse 5 – 12/06/2017 12:41:32
QTE PRODUIT UNIT TOTAL
1 BO McWrap Ba.Cro 8.40 8.40
1 Fanta BJ
1 Frite Best Of
1 Ketchup. 0.00
S/Place Total (TVA INCL) 8.40
EUR 50.00
Monnaie due 41.60
02 8.40 TVA A 10.00% INCL. = 0.76
**************************************
DONNEZ-NOUS VOTRE AVIS SUR
WWW.MCDOETMOI.COM
DANS LES 7 PROCHAINS JOURS
**************************************
Merci de votre visite – A bientôt
"
838,True,2017-06-16 16:16:28,0.6817333333333334,9.1,0.5013333333333333,"ESP 37
FACTURE
Restaurant McDonald’s
LA ROCHELLE LES MINIMES
Pole loisirs des Minimes
Rue de la Scierie
17000 LA ROCHELLE
Tel .05.46.44.00.66 Fax.05.46.44.04.03
SIRET 41503657300020 – APE 561OC
RCS La Rochelle TVA INTRA FR77415036573
ID Equipier 212
Restaurant 2?000688
#CDE 37 - Caisse 5 – 16/06/2017 16:16:28
QTE PRODUIT UNIT TOTAL
1MX McWrap Ba.cro 9.10 9.10
1 Jus Orange.MaxBO
1 Pt salad ds MxBO
1 Sce Pt salade
McWrap Bac.Crous
Sans Bacon
1 Nugget 4 3.20 1P 0.00
1 Barbecue
S/Place Total (TVA INCL) 9.10
ECB 9.10
02 9.10 TVA A 10.00% INCL. = 0.83
DONNEZ-NOUS VOTRE AVIS SUR
WWW.MCDOETMOI.COM
DANS LES 7 PROCHAINS JOURS
Merci de votre visite - A bientôt
"
841,True,2017-06-15 22:35:57,0.6781333333333334,9.1,0.6674333333333333,"CB 12
Sur place
Restaurant McDonald’s
LA ROCHELLE LES MINIMES
Pole loisirs des Minimes
Rue de la Scierie
17000 LA ROCHELLE
Tel.05.46.44.00.66 Fax.05.46.44.04.03
SIRET 41503657300020 – APE 5610C
RCS La Rochelle TVA INTRA FR77415036573
Restaurant 25000688
#CDE 312 Kiosk 46 15/06/2017 22:35:57
Qte Produit Unit Total
1 MX McWrap Ba.Cro 9.10 9.10
McWrap™ Poulet & Bacon
Potatoes MxBO
Sce Potatoes
Jus 0range.MaxBO
Total commande 9.10 EUR
dont TVA 10.00% 0.83 EUR
DONNEZ-NOUS VOTRE AVIS SUR
WWW.MCDOETMOI.COM
DANS LES 7 PROCHAINS JOURS
Merci de votre visite – A bientôt
CARTE BANCAIRE
A0000000421010
CB JEUNE
le 15/06/17 a 22:35:29
MC DONALD’S
17LA ROCHELLE
4235460
41503657300020
30004
************7132
3E66BC907F61CF69
876 001 035378
C
MONTANT= 9.10 EUR
DEBIT
TICKET CLIENT
A CONSERVER
"
843,True,2017-06-14 14:41:05,0.6765666666666666,23.1,0.5008333333333334,"LE MANZIO
BAR . BRASSERIE . PIZZERIA
22 RUE DE LA SCIERIE
17000 LA ROCHELLE FRANCE
SIRET:79270030400019 NAF:5610A TVA=FR36792700304
RESERVATION 05 46 44 51 15
TABLE 10
1 COUVERT GUILLAUME
ORANGINA 3.50 C
CAFE 1.90 C
LA VERDE 13.80 D
COUPE 2 BOULES 3.90 D
TOTAL 23.10
HT TVA TTC
C TVA 10.00% 4.91 0.49 5.40
D TVA 10.00% 16.09 1.61 17.70
C.B. 23.10
MERCREDI 14-06-2017 14:41:05
Cle 2-Serv: 2-Portabl 3-Num : 0014883/002
PRIX, SERVICE & TVA INCLUS
MERCI DE VOTRE VISITE
Prix Nets – Service Compris
"
846,True,2017-06-12 12:41:55,0.6808000000000001,8.5,0.5012333333333333,"ESP 46
FACTURE
Restaurant McDonald’s
LA ROCHELLE LES MINIMES
Pôle loisirs des Minimes
Rue de la Scierie
17000 LA ROCHELLE
Tel.05.46.44.00.66 Fax.05.46.44.04.03
SIRET 41503657300020 – APE 561OC
RCS La Rochelle TVA INTRA FR77415036573
ID Equipier 171
Restaurant 25000688
*CDE 46 – Caisse 5 – 12/06/2017 12:41:55
QTE PRODUIT UNIT TOTAL
1 BO Mythic 8.50 8.50
1 Light Best Of
1 Potatoes Best Of
1 Sce Potatoes
S/Place Total (TVA INCL) 8.50
EUR 10.00
Monnaie due 1.50
02 8.50 TVA A 10.00% INCL. = 0.77
DONNEZ-NOUS VOTRE AVIS SUR
WWW.MCDOETMOI.COM
DANS LES 7 PROCHAINS JOURS
Merci de votre visite – A bientôt
"
854,True,2017-06-14 12:46:56,0.6862,4.21,0.5018666666666667,"Earl Le Rouge Gorge
16 Rue & I hotel de ville
17290 Ballon
06 66 35 69 29
06 28 37 91 04
Vendeur: Vendeur 2 Numéro de ticket: 6802198
Heure: 14-06-2017 12:46:56 Balance: 68 
Nom d’article
kg(pcs) €/kg(pcs) €
Article divers
0,490 kg 4,50 2,21 A
Article divers
1pcs 2,00 2,00
Articles: 2 Total: 4,21
Especes 4,21€
Information TVA
Taux Base TVA TVA
TVA A 0.00% 4,21 0,00
Merci de votre visite
A bientot"
855,True,2017-06-14 12:53:00,0.7412000000000001,1.04,0.5052666666666668,"\'le jardin de Tonnay\'
PIERRE MANOIS
TONNAY CHARENTE
Balance: 3 Client: 142
Date : 14/06/2017 12:53
Vendeur : 8 BAPTISTE
Num Ticket : 291
kg € /kg €
CERISE
0,160 6,50 1,04
TOTAL: 1,04
1 transaction(s)
1 Article(+)
"
897,True,2017-06-21 12:30:00,0.6139,1.16,0.6674333333333333,"SUPER U
Route des Plages
30470 AIMARGUES
Tél : 04.66.88.50.08
TVA INTRA FR 26 499 120 715
SIRET 499 120 715 00028
Opérateur Date Heure TPV Ticket 
127 MG 21/06/17 12:30 1 45517 
>>>> FRUITS ET LEGUMES
POMME GOLDEN DELICIOUS 1,16 €
TOTAL 1 Article(s) 1,16 €
PAIEMENT € CARTE U 1,16 €
11 / Taux Réduit 5.5% = 0,06 €
VOS AVANTAGES CARTE U
CODE MAGASIN : 90426
No CARTE : 8939XXXXX41146
MONTANT ACHATS : 1,16 €
VOTRE SOLDE € CARTE U PRECEDENT : 3,50 €
VOS € CARTE U UTILISES : 1,16 €
VOTRE NOUVEAU SOLDE € CARTE U : 2.34 €
TICKET A CONSERVER
********************************
Opérateur Date Heure TPV Ticket
127 MG 21/06/17 12:30 1 45517
TICKET A CONSERVER
MERCI DE VOTRE VISITE. A BIENTOT
OUVERT DU LUNDI AU SAMEDI
DE 08H30 à 20H00
DIMANCHE DE 08H30 à 12H30
6690426001045517
"
900,True,2017-06-15 12:34:10,0.5931666666666666,5.44,0.6670333333333334,"SUPER U
Route des Plages
30470 AIMARGUES
Tél : 04.66.88.50.08
TVA INTRA FR 26 499 120 715
SIRET 499 120 715 00028
Opérateur Date Heure TPV Ticket
901 SC01 15/06/17 12:34 101 735271
GAZPACHO U 1L 2.35 €
SECR.MOUS.CHOC.LT LAITIE. 4X59G 1.00 €
CHARCUTERIE LS DATE COURTE 2.09 €
TOTAL 3 Article(s) 5.44 €
CARTE BANCAIRE EUR 5.44 €
11 / Taux Réduit 5.5% = 0.28 €

VOS AVANTAGES CARTE U
CODE MAGASIN : 90426
No CARTE : 8939XXXXX86102
VOS € CARTE U ACHAT
1 x 0.10 € GRACE A VOTRE AVANTAGE VISITE 0.10 €

MONTANT ACHATS : 5.44 €
VOTRE SOLDE € CARTE U PRECEDENT : 6.09 €
VOS € CARTE U OBTENUS : 0.10 €
VOTRE NOUVEAU SOLDE € CARTE U : 6.19 €
Les € Carte U obtenus ce jour, seront à valoir dès
le lendemain, sur présentation de votre Carte U,
dans tous les magasins U participant au programme
de fidélité. Voir conditions à l\'accueil.
TICKET A CONSERVER

AVEC L’AMPLI MON MAGASIN U
VOTRE DAME U VOUS SUIT PARTOUT
CONSULTEZ A TOUT MOMENT VOS AVANTAGES
ET ECONOMIES REALISEES SUR VOS COURSES.
Opérateur Date Heure TPV Ticket
901 SC01 15/06/17 12:35 101 735271
TICKET A CONSERVER
MERCI DE VOTRE VISITE. A BIENTOT
OUVERT DU LUNDI AU SAMEDI
DE 08H30 à 20H00
DIMANCHE DE 08H30 à 12H30

6690426101735271
CARTE BANCAIRE
a0000000421010
Transaction CB
LE 15-06-17 A 12-35-16
SUPER U AIMARGAL1
30470 AIMARQUES
7972182
49912071500028
13506
XXXXXXXXXXXX8371
957d2fc65e4eb1fe
101 001 101029 003154
C
MONTANT
5.44 EUR
DEBIT
TICKET CLIENT
A CONSERVER
MERCI ET A BIENTOT
"
902,True,2017-06-22 12:06:10,0.5931000000000001,8.22,0.6670333333333334,"SUPER
Route des Plages
30470 AIMARGUES
Tél : 04.66.88.50.08
TVA INTRA FR 26 499 120 715
SIRET 499 120 715 00028
Opérateur Date Heure TPV Ticket
903 SC03 22/06/17 12:06 103 324621
TAPENADE NOIRE 200G MB 5.18 €
CONFIT DE TOMATES SECHEES 100G 3.04 €
TOTAL 2 Article(s) 8.22 €
CARTE BANCAIRE EUR 8.22 €
11 / Taux Réduit 5.5% = 0.43 €
AVEC LA CARTE U VOUS AURIEZ OBTENU
0.10 €
Opérateur Date Heure TPV Ticket
903 SC03 22/06/17 12:07 103 324621
TICKET A CONSERVER
MERCI DE VOTRE VISITE. A BIENTOT
OUVERT DU LUNDI AU SAMEDI
DE 08H30 à 20H00
DIMANCHE DE 08H30 à 12H30
6690426103324621
CARTE BANCAIRE
a0000000421010
CB
LE 22-06-17 A 12-06-57
SUPER U AIMARGALI
30470 AIMARGUES
7972182
49912071500028
13506
XXXXXXXXXXXX9390
26843c2b5e70f55d
103 001 103022 003161
C
MONTANT
8.22 EUR
DEBIT
TICKET CLIENT
A CONSERVER
MERCI ET A BIENTOT"
906,True,2017-06-12 12:30:10,0.5922333333333333,1.64,0.6671666666666667,"SUPER®
Route des Plages
30470 AIMORGUES
Tél : 04.66.88.50.08
TVA INTRA FR 26 499 120 715
SIRET 499 120 715 00028
Opérateur Date Heure TPV Ticket
903 SC03 12/06/17 12:30 103 322776
STARBUCKS NOIS.MACCH.CUP 220ML 1.64 €
TOTAL 1 Article(s) 1.64 €
************* VOS REDUCTIONS IMMEDIATES **************
1 x 0.50 € BOISSON STARBUCKS 220 ML -0.50 €
TOTAL REDUCTIONS I MEDIATES -0.50 €
** ** ****** **********************************************
RESTE A PAYER 1.14 €
CARTE BANCAIRE EUR 1.14 €
11 / Taux Réduit 5.5%= 0.09 €
******************************************************
VOS AVANTAGES CARTE U
CODE MAGASIN : 90426
No CARTE : 8939XXXXX41146
MONTANT ACHATS : 1.64 €
VOTRE SOLDE € CARTE U PRECEDENT : 3.40 €
VOTRE NOUVEAU SOLDE € CARTE U : 3.40 €
TICKET A CONSERVER
******************************************************
CARTE U : JEUDI 15 JUIN
UNE GLACIERE ISOTHERME OFFERTE
DES 50 EUROS D’ACHATS
*Voir conditions à l’accueil du magasin)
Opérateur Date Heure TPV Ticket
903 SC03 12/06/17 12:31 103 322776
TICKET A CONSERVER
MERCI DE VOTRE VISITE. A BIENTOT
OUVERT DU LUNDI AU SAMEDI
DE 08H30 à 20H00
DIMANCHE DE 08H30 à 12H30

6690426102322776

CARTE BANCAIRE
U?000421010
CB
LE 12-06-17 ?-52
SUPER U AI MARGA?
30470 AIMARGUES
7972182
499120715?
?
MONTANT
1.14 EUR
DEBIT
TICKET CLIENT
A CONSERVER
MERCI ET A BIENTOT
"
907,True,2017-06-12 12:29:10,0.5920666666666666,8.8,0.6670666666666667,"Route des Plages
30470 AIMARGUES
Tél : 04.66.88.50.08
TVA INTRA FR 26 499 120 715
SIRET 499 120 715 00028
Opérateur Date Heure TPV Ticket
902 SC02 12/06/17 12:29 102 822999
CABILLAUD CIT.RIZ MARIE 290G  3.85 €
SAL.FUS.IT.MIX BUF ? CRUM.330G 4.95 €
TOTAL 2 Article(s) 8.80 €
VOS REDUCTIONS IMMEDIATES
1 x 1.98 € SALADE MIX BUFFET 330G -1.98 €
TOTAL REDUCTIONS IMMEDIATES -1.98€
RESTE A PAYER 6.82 €
CARTE BANCAIRE EUR 6.82 €
11 / Taux Réduit 5.5% = 0.20 €
14 / Ventes à ? 10% : 0.45 €
VOS AVANTAGES CARTE U
CODE MAGASIN ; 90426
No CARTE : 8939XXXX86102
VOS € CARTE U ACHAT
1 x 0.10 € GRACE A VOTRE AVANTAGE VISITE 0.10 €
MONTANT ACHATS : 8.80 €
VOTRE SOLDE € CARTE U PRECEDENT : 5.99 €
VOS € CARTE U OBTENUS : 0.10 €
VOTRE NOUVEAU SOLDE € CARTE U : 6.09 €
Les € Carte U obtenus ce jour, seront à valoir dès
le lendemain, sur présentation de votre Carte U,
dans tous les magasins U participant au programme
de fidélité. Voir conditions à l\'accueil.
TICKET A CONSERVER
CARTE U : JEUDI 15 JUIN
UNE GLACIERE ISOTHERME OFFERTE
DES 50 EUROS D’ACHATS
(Voir conditions à l\'accueil du magasin)
Opérateur Date Heure TPV Ticket
902 SC02 12/06/17 12:80 102 822999
TICKET A CONSERVER
MERCI DE VOTRE VISITE, A BIENTOT
OUVERT DU LUNDI AU SAMEDI
DE 08H30 A 12H30
DIMANCHE DE 08H30 à 12H30
CARTE BANCAIRE
a0000000421010
Transaction ??
LE 12-06-17 A 12-30 -34
SUPER U AIMARGALI
30470 AlMARGUES
7972182
499120715000??
13506
XXXXXXXXXXXX??71
bc396112a372???d
102 001 102023 003151
C
MONTANT
6.82 EUR
DEBIT
TICKET CLIENT
A CONSERVER
MERCI ET A BIENTOT
"
915,True,2014-11-12 10:34:54,0.6742,14.7,0.6672333333333333,"BRICO MARCHÉ

ZAC DE L’AUMONERIE
17400 ST JEAN D’ANGELY
TEL : 05 46 32 67 67
FAX : 05.46.32.48.08
ART# 04000278561728
P.PEINT DUPLEX WISH. 7,35 EUR B
ART# 04000278561728
P.PEINT DUPLEX WISH. 7,35 EUR B
MONTANT DU 14,70 EUR
ESPECES 50,00 EUR
Nombre d’articles vendus=2
A RENDRE 35,30 EUR
ESPECES 35,30 EUR
---------------------------------------
RECAPITULATIF TVA
CODE TVA MT. HT MT. TVA MT. TTC
B 20,00% 12,25 2,45 14,70
****************************************
-----------------------------------------
CARTE FIDELITE 3250390080038295711
SOLDE DISPONIBLE 0.72
**************************************
* CHAQUE MOIS un chèque cadeau de *
* >>> 250 EUROS à gagner ! <<< *
* *
* Pour tenter votre chance, *
* inscrivez-vous à la *
* Newsletter Bricomarché *
* sur www.bricomarche.com *
**************************************
CAISSIERE: Béatrice
10:34:54 12/11/2014
M02711 C001 01703 T0068
LE TICKET DE CAISSE EST EXIGE
pour tout retour sous 30 jours
(vivants : 48 H)
Un avoir sera remis.
AUCUN REMBOURSEMENT NE SERA EFFECTUE
Merci de votre visite
A bientôt
"
924,True,2017-05-31 22:13:17,0.6793,22.8,0.5012333333333333,"LE MANZIO
BAR . BRASSERIE . PIZZERIA
22 RUE DE LA SCIERIE
17000 LA ROCHELLE FRANCE
SIRET:79270030400019 NAF:5610A
TVA:FR36792700304
RESERVATION 05 46 44 51 15
TABLE 6
2 COUVERT GUILLAUME
LA MARGARITA 10.70 D
LA REGINA 12.10 D
TOTAL 22.80
DOCUMENT PROVISOIRE
MERCREDI 31-05-2017 22:13:17
CLe 2-Serv: 2-Porlabl 2-Num = 0012529/001
PRIX, SERVICE & TUA INCLUS
MERCI DE VOTRE VISITE
Prix Nets – Service Compris
"
927,True,2013-07-01 01:30:22,0.6239666666666667,2.54,0.6676,"HYPER
Coop Atlan?
Beaulieu – La RO?
Route de Nantes / B?
17285 Puilboreau Ce?
Tél : 05 46 68 03 2
Opérateur Date Heure TPV ?ot
134 JC 13/05/17 13:01 30 222189
** ENTRETIEN
SAC POU.LIEN CLASSIQ.U 20X30L 1,45 €
SACS CONGELATION U PM ST .X50 1.09 €
TOTAL 2 Articla(s) 2.54 €
CARTE BANCAIRE EUR 2.54 €
13 / Taux Normal 20% = 0.42 e
****************************************************
VOS AVANTAGES CARTE U
CODE MAGASIN : 31433
Nu CARTE : 8939XXXXX51927
MONTANT ACHATS : 254€
VlilRL SOLDE € CARTE U PRE?EDEN? 7,55 €
VOTRE NOUVEAU SOLDE € CARTE 7,55 €
TICKET A CONSERVER

****************************************************
OFFRE SPECIALE
COOPERATEURS !
Colis “barbecue” fait maison .
15 euros les 3kg c’est exceptionnel
Rendez-vous vite à l’accueil
pour passer commande.
GAGNEZ ENCORE PLUS
AVEC 20% OFFERTS EN EUROS CARTE U
GRACE A VOS EXCLUSIVITES PRONOS OU NOUZ
RENDEZ-VOUS EN MAGASIN
ET SUR NAGASINS-U.COM
*Voir conditions à l’accueil du magasin
* Opérateur Date Heur TPV Ticket
* ? 13/05/17 13:02 30 222109
Votre magasin est ouvert du
lundi au samedi de 9h 6 21 h.
Merci de votre visite et à bientôt !
Les articles sont repris intacts
dans leur emballage sous 15 jours*
6631433030222189
"
929,True,2017-05-30 10:56:22,0.6843333333333333,2.0,0.5011333333333333,"PAUL QUAI
ELIOR CONCESSIONS GARES SAS
Gare Montparnasse 11 bld Montparnasse 75015 Paris
Tél : 01 56 54 05 26
RCS NANTERRE 52469596236 TVA FR76524959236
STAGIAIRE 1
1 CHAUSSON POMMES 2.00
TOTAL 2.00
HT TVA TTC
TVA 5.50% 1.90 0.10 2.00
1.00 BILLET 5 X 5.00 : 5.00
RENDU -3.00
( PASSAGE )
MARDI 30-05-2017 10:56:22 (A EMPORTER)
CIe 183-Serv.:183-CAISSE 7-NOTE 000392/1
Montants exprimés en euros
Faites-nous part de vos remarques à
serviceclient€@areas.com
Merci de votre visite et au revoir
Areas"
934,True,2017-04-27 15:14:10,0.6934,1.5,0.5012666666666666,"PAUL ST ROCH
ELIOR CONCESSIONS GARES SAS
Gare St Roch Rue Jules Ferry 34000 MONTPELLIER
Tél : 04.67.56.47.81
RCS NANTERRE 524?959?236 TVA FR76524959236
STEPHANE CO.
1 EXPRESSO 1.50
TOTAL 1.50
HT TVA TTC
TVA 10.00 % 1.36 0.14 1.50
ESPECES 1.50
( PASSAGE )
JEUDI 27-04-2017 15:14:10 (A EMPORTER)
Cle 3-Serv.: 3-CAISSE 2-NOTE 000591/1
Montants exprimés en euros
Faites-nous part de vos remarques à
serviceclient@areas.com
Merci de votre visite et au revoir
Areas
"
937,True,2017-02-01 10:02:00,0.6480333333333334,1.75,0.5023666666666667,"TKMNC-7861 01/02/2017 10:02
MNC
5 Rue St. John Perse
97110 POINTE A PITRE
Tél: 05 90 82 16 04
Client: Clients caisse
Vendeur: Responsable magasin
Bonjour
Carte Postale 10*15 5.00 1,75
Total brut HT: 1,61
Total Net HT: 1,61
Total TVA: 0,14
Net TTC: 1,75
8.5 sur 1,61 0,14
Paiement par Espèces CMNY=CA 2.00 EUR
Rendu 0.25
"
938,True,2017-02-23 14:24:00,0.6195333333333334,7.1,0.5009333333333333,"Tel : 02.38.7O.07.77
25 Avenue Joseph SOULAS
45800 ST JEAN DE BRAYE
TICKET/FACTURE
ARTICLES QTE EUR
Brioche pur beurre 4.00
Baguette des moissons 1.00
Baguette des moissons 1.00
Baguette 86 1.10
TOTAL EUR 7.10
Espèces 7.10
Espèce perçu: 12,10 Rendu: 5,00
% TVA HT. Brut TVA
5,50 6,73 7,10 0,37
23/02/2017 14:24 Num: 37579 Caisse: 68702
B 330 319 260 RCS BOURGES
N° TVA INTRACOMMUNAUTAIRE : FR69330319260
FRR SASU au capital de 2.000.000 euros
Rejoignez-nous
sur la page officielle
 Patàpain
"
943,True,2017-01-20 17:39:00,0.6085,37.57,0.6675666666666668,"PHARMACIE DE BEAULIEU
POTIN dominique
Centre Commercial de Beaulieu
17138 PUILBOREAU
Tel : 0546680281
Vente Directe
AVENT TET SILIC DEB VAR 2 W
5012909010948 (1 x 5,73) 5,73
NOVALAC AR 1 LAIT PDR800G ****
3401578651057 (2 x 15,92) 31,84
Total TTC 37,57
A Payer 37,57 euros
TOTAL A PAYER : 37,57 euros (246,44Fr)
Taux HT TVA TTC
20.00 4,78 0,95 5,73
5.50 30,18 1,66 31,84
CB : 37.57
Le 20/01/2017 à 17h39 Op.
sauf erreur formelle de notre part, les
produits ne sont ni repris ni échangés.
BIENTOT
MERCI POUR VOTRE VISITE
"
945,True,2015-11-07 14:32:00,0.6287999999999999,9.92,0.6675666666666668,"express
88 Rue de la Tombe Issoire
75014 PARIS
TEL: 09.67.14.08.89
uexpress.paris.tombeissoir6@systeme-u.fr
Opérateur Date Heure TPV Ticket
107 WK 07/11/15 14:32 1 149724
>>>> TRAITEUR LS UVCI
SAL.MEZ.PEN.CRUD.CUP BLINI320G 5.76 €
SDW TR.XXL THON CRUDITES 230G  2.37 €
>>>> BISCUITS SUCRES
GAUFRE.PAILLE/OR FRAMB.LU 170G  1.79 €
TOTAL 3 Article(s) 9.92 €
CARTE BANCAIRE EUR 9.92 €
11 / Taux Réduit 5.5% = 0,09 €
14 / Ventes à E. 10% = 0.74 €
AVEC LA CARTE U VOUS AURIEZ OBTENU
0.10 €
Opérateur Date Heure TPV Ticket
107 WK 07/11/15 14:33 1 149724
Ouvert du Lundi au Samedi
De 8h30 à 22h30
Le Dimanche matin de 9H00 à 13H00
Merci de votre visite
**** A bientôt ****
66234760011 49724
"
951,True,2017-02-24 12:28:14,0.6117666666666667,49.26,0.6672333333333333,"HYPER U
Coop Atlantique
Beaulieu – La Rochelle
Route de Nantes / BP 133
17285 Puilboreau Cedex
Tél : 05 46 68 03 22
Opérateur Date Heure TPV Ticket
183 RR 24/02/17 12:28 14 235020
EPICERIE
LITIERE SILICE POUR CHAT U 5L 3.73 €
375G  RATATOUILLE C 2.08 €
VELOUTE TOMATES KNORR 3X175ML 1.17 €
DOUCEUR 8 LEGUMES KN0R.3X175ML 1.17 €
PETIT POIS E.F,CAROTTE BTE
2 x 0.62 € 1,24 €
RATATOUILLE U OUV.FACILE 1/2 0.57 €
FRUITS ET LEGUMES
CHAMPIGNON BLANC PIED COUPE
0.192 kg x 3,99 €/kg 0,77 €
POIVRON PANACHE SACHET 500G 2.95 €
COURGETTE
0.610 kg x 1,99 €/kg 1,21 €
CAROTTE
1.016 kg x 0,95 €/kg 0,97 €
PAT INDUSTRIELLE
PAIN MIE SANDWICH NAT.U 550G  0.82 €
CHARC.TRAIT.SAUC.SECS L
TABOULE A L’ORIENTAL U 300G  0.85 €
PATE A TARTE FEUILLETEE U 230G 0.65 €
CREMERIE L.S.
OEUFS P.AIR MOYEN X12 2.64 €
YAOURT VANILLE X2
2 x 2.15 € 4,30 €
JUS POMMES ANDROS 2.00 €
250G  BEUR BAR 1/2SEL 1.99 €
CREME FRAICHE FLUIDE 30%MG40CL 1.63 €
POISSONNERIE
FLT MERLU BIC MEUNIERE U 220G  3.80 €
VOL.LS INDUST.
AIGUILLETTES POULET BLANC U X6 2.82 €
BOUCH.LS.INDUST.
TARTARE FAÇON BRAS 4.05 €
BOUCH.VOL.ATELIER
SAUCISSE AUX HERBES 3.47 €
LIQUIDES
TROPICANA P/P ORANGE SP VER.1L 2.49 €
EAU MINER.EVIAN 2L
3 X 0.63 € 1,89 €
TOTAL 28 Article(s) 49.26 €
BON DE REDUCTION 0.40 €
1 x 0.40 EUR
BON DE REDUCTION 0,20 €
1 x 0.20 EUR
CARTE BANCAIRE EUR 48.66 €
11 / Taux Réduit 5.5% = 2.37 € 
13 / Taux Normal 20% = 0.62 €
VOS AVANTAGES CARTE U
CODE MAGASIN : 31433
No CARTE : 8939XXXXX66786
VOS € CARTE U ACHAT
1 x 0.10 € GRACE A VOTRE AVANTAGE VISITE 0.10 €
1 x 0.10 € GRACE A VOTRE AVANTAGE PANIER 0.10 €
VOS € CARTE U PR0M0
1X 0.75 € TR0PICANA 1L 0.75 €
MONTANT ACHATS : 49.26 €
VOTRE SOLDE € CARTE U PRECEDENT : 5.60 €
VOS € CARTE U OBTENUS : 0.95 €
VOTRE NOUVEAU SOLDE € CARTE U : 6.55 €
*
Les € Carte U obtenus ce jour, seront à valoir dès
le lendemain, sur présentation de votre Carte U,
dans tous les magasins U participant au programme
de fidélité. Voir conditions à l’accueil.
TICKET A CONSERVER
GAGNEZ DES EUROS CARTE U GRACE A
VOS EXCLUSIVITES PRODUITS U
SPECIAL AIDES CULINAIRES
RENDEZ-VOUS EN MAGASIN
ET SUR MAGASINS-U.COM
(Voir conditions à l’accueil du magasin)
Date Heure TPV Ticket
183 RR 24/02/17 12:31 14 235020
Votre magasin est ouvert du
lundi au samedi de 9h à 21 h.
Merci de votre visite et à bientôt !
Les articles sont repris intacts
dans leur emballage sous 15 jours*
6631433014235020
"
966,True,2016-10-22 00:00:00,0.3759,7.0,0.671,"LE RECIF
RESTAURANT
PLAGES DES MINIMES
22/10/2016
Facture:83704 Trans:83632 Term: 1
Vous avez été servi par: Nicolas
CHOCOLAT 2x 3.50= 7.00
*TOTAL = 7.00€
*[H.T 10%: TVA 10%:]
6.36€ 0.64€
* Payé -> TOTAL BAR > 7.00€"
970,True,2016-05-31 18:54:04,0.7425666666666667,8.25,0.6725333333333333,"BON COMMMANDE - Sur Place -
Numéro Commande : 1199
GRENOBLE
Date/heure : 31/05/16 18:54:04
No kiosk : 42
Qte Article P.U Total
1 Menu Classic 8.25 8.25
Supreme Classiq
Moyenne Rustique
Sauce Tomate Basilic
ORANGINA 35cl
Total commande : 8.25 EUR
"
972,True,2016-05-26 12:44:43,0.6807666666666666,9.5,0.6680333333333334,"CB 79
A Emporter
Restaurant McDonald’s
LA ROCHELLE LES MINIMES
Pole loisirs des Minimes
Rue de la Scierie
17000 LA ROCHELLE
Tel.05.46.44.00.66 Fax.05.46.44.04.03
SIRET 41503657300020 – APE 5610C
RCS La Rochelle TVA INTRA FR77415036573
Restaurant 25000688
#CDE 79 Kiosk 45 26/05/2016 12:44:43
Qte Produit Unit Total
1 MX GrilledCheese 9.50 9.50
Grilied Cheese
Chips MxBO
Sce Potatoes
The Glace MxBOf
Total commande 9.50 EUR
dont TVA 10.00% 0.86 EUR
Merci de votre visite – A bientot
Biere soumise a TVA de 20%
"
977,True,2016-10-15 10:12:09,0.7145,19.0,0.6685333333333333,"Boulangerie - Patisserie - Salon de Thé
Les Blés d\'Or
Solène et Grégory BOUILLER
17 - Av du Lazaret - Port des Minimes
Tél : 05 46.44.63.00
Ticket 963510-1
Edité le 15/10/2016 à 10:12:09
Vendeur : EL0DIE ( 3 )
Qté Désignation Prix €
20 BAGUETTE 19.00
Total 19.00€
Hors Taxes 18.01
Reçu ESPECES (1×19.00) 19.00
TVA à 5.50% 0.99
BOULE DE PATE
VOUS REMERCIE…
"
982,True,2016-12-29 12:09:00,0.6142666666666666,11.1,0.5013666666666666,"JAUNE POUSSIN
33 RUE WILSON
24000 PERIGUEUX
SIRET 42303616900039 APE 561OA
TEL: 05 53 06 90 70
jaunepoussin24@gmail.com
EURO
FORMULE 11,10
TAXABLE 1 10,09
TVA 1 10.0% 1,01
TOTAL € 11,10
CARTE BLEUE 11,10
RENDU 0,00
NR.0024 29/12/16 12:09
MERCI DE VOTRE VISITE
A BIENTOT
"
984,True,2016-12-18 15:06:00,0.6240333333333333,11.2,0.6676,"Starbucks Rue Brea 17360
21 rue de Brea
75006 Paris, 143290302
ADD 721451
18/12/2016 15:06
99704305 Tiroir: 1 Caisse : 1
Sur place
Chvs (V) 5,45
Latte No Cr (V) 5,75
Carte De Crédit 11,20
XXXXXXXXXXXXXXXX
1,02 TVA 11,20
Total net: 10,18€
1,02 Taxes 11,20
Total net: 10,18€
Sous-total 11,20€
Total 11,20€
Monnaie a rend 0,00€
Addition fermée
18/12/2016 15:06
STARBUCKS C0FFEE FRANCE S.A.S.
38 rue des Jeuneurs – 75002 PARIS
445 330 103 00026"
991,True,2016-12-31 15:14:07,0.6797,5.39,0.3341,"NOZ
NOZ ST JEAN D’ANGELY
BIENVENUE DANS NOTRE MAGASIN
ZAC de l\'Aumônerie
TEL MAGASIN : 05.46.32.67.58
SX SEYCH2EN 1. 3.99€
0000004279038 T7
BLOC WC FOREST 40G 0.70€
0000004351841 T7
BLOC WC FOREST 40G 0.70€
0000004351841 T7
* T 0 T A L ( 3) 5.39€
* T 0 T A L FRF 35.36F
(1 EURO = 6.55957 Francs)
ESPECES 5.39€
Taux TVA. H.T. TTC
7>20.00 0.91 4.48 5.39
0.91 4.48 5.39
Totaux: 0.91 4.48
003 / 001503 / 31/12/2016 / 15:14:07
N° de Ticket : 003058537
ECHANGE SOUS 8 JOURS SAUF
SOUS VETEMENTS, CD, DVD
LIVRES, SURGELES, VEGETAUX
SUR PRESENTATION DU TICKET DE CAISSE
www.facebook.com/universNOZ
NOZARRIVAGES.COM NOZRECRUTE.COM
CONTENT PAS CONTENT: 02.43.01.56.66
"
994,True,2016-12-21 15:28:00,0.6069666666666667,89.98,0.6677333333333333,"LA HALL
04 0500
10 BEAULIEU 2000
17138 PUILBOREAU
Tel: 0546680705

BASKETS/TENNIS MONTANTES

044622501404 270 = 39.99 €
BOTTES
044612500621 270 = 45.00 €
SEMELLES
047152613500  270 = 4.99 €

Total 89.98 €
Carte Bancaire : 89.98 €
Taux TVA Montant H.T. T.V.A
20.0% 74.98 € 15.00 €
Caisse 02-2
21/12/2016 15:28 No ticket : 70
Echange ou remboursement sous 30 jours
et sur présentation du ticket de
caisse d’un article non porté dans
son emballage d’origine.
Continuez vos achats sur:
www.lahalle.com
LA HALL
c’est vraiment vous
"
1012,True,2016-10-05 16:18:49,0.801,8.57,0.6673,"ACTION
4154 Puilboreau
Rue du 18 Juin, ZAC Beaulieu
Vous êtes servi par: Fabienne
05-10-2016 16:18:49 4154103-10030641
ARTICLES EUR
!2516612 toblerone 100g chocolat 1,58
au lait
* 2 x 0,79
2501766 intex matelas gonflable 6,99
1p. 76x191x22cm
TOTAL 8,57
MODE DE PAIEMENT
PIN 8,57
DÉTAILS TVA TVA Excl. Incl.
20% 1,43 7,14 8,57
TOTAL 1,43 7,14 8,57
CARTE BANCAIRE
SANS CONTACT
A0000000421010
CB
le 05/10/16 a 16:16:07
ACTION FRANCE
17LAR0CHELLF SC
4359915
75330823801411
30004
I ************9934
288D8B07D5EA0CD5
543 001 000001
C @
MONTANT= 8,57EUR
DEBIT
TICKET CLIENT
A CONSERVER

5410316279161833189113
Merci et au revoir!
Échange sous 8 jours avec ticket
Sceau de sécurité : 63B323BA
"
1041,True,2014-02-24 12:44:17,0.8036666666666666,4.76,0.5019333333333333,"SELF
BON APPETIT
Le 24/02/2014 a 12:44:17
111005 ORANGE SUBV MAJ CPT
ORANGE
ORANGE Subv majorée cpt
1 Nems 3 x 5Ogrs) (1,84) 1,84
1 R?t (0,47) 0,47
1 ? dinde (2,45) 2,45
Sous Total : 3 article(s) 4,76
TVA 10,0% (base 4,76) 0,43
Droit d’entree +6,64
Participation -6,64
NET A PAYER 4.76
Reçu ESPECES 5,00
RENDU : ESPECES 0,24
Ticket 11-1994
"
1043,True,2017-06-27 12:38:42,0.6946,2.57,0.5011666666666666,"RESTAURANT ORANGE
SAINTES / ORMEAU
API RESTAURATION
CAISSE1
POULET ROTI 2.07
SALADE DE FRUITS 0.50
ADMISSION 14.12
S/TOT 16.69
SUb ORANGE MAJO -14.12
HT TVA TTC
T.V.A 10.00 2.34 0.23 2.57
TOTAL 2.57
C0MPTE454598A232580 / 2
ANCIEN SOLDE 18.20
SOLDE 15.63
No Transaction 51
MARDI 27-06-2017 12:38:42 (RESTAU 2 )
Cle 1-Serv.: 2-CAISSE 203-N0TE 000028/1
BON APETIT
"
1064,True,2017-05-13 00:00:00,0.2413666666666666,103.29,0.6673666666666667,"LA FERME SANTONE
 RUE Côte de Beauté
17100 SAINTES
Tél : 05.46.93.61.14
TICKET DE CAISSE N°415235
?amedi 13 mal 2017
?ESIGNATION ARTICLE
QTE * Pu.TTC € Pt.TTC €
?OITRINE D’AGNEAU “ROSEAU”
,7696* 6*90 €  5.31
?PAULE D’AGNEAU “ROSEAU”
1.36* 18.50 € 25.16
?AVETTE DE ?LANCHET/PALERON KG
.4749* 17.90 € 8.50
?UISSE DE POULET KG
.7254* 11.80 € 8.56
?AMBON SEC DE PAYS S/V
0.125* 25.00 € 3.13
?AUCISSE SE?HE ESPELETTE SV
0.115* 20.98 € 2.41
?AMBON BLAN? MAISON S/V
0.135* 18.90 € 2.55
?AMBON BLAN? MAISON S/V
0.185* 18.90 € 3.50
?OMME GOLDE? kg -Tare : PT : 0.005kg
?et 0.810k? 1.70€/kg 1.38
?ACK YAOURT CHEVRE
1* 3.10 € 3.10
?AOURT NATU?E 4X125GRS
2* 2.60 € 5.20
?ADIS botte Manois
1* 1.40 € 1.40
?ALADE Mano?s
1* 0.80 € 0.80
?US DE POMM? 1L
1* 2.40 € 2.40
?ETTERAVE C?ITE kg -Tare : 0.005kg
?et 0.485k? 3.50€/kg 1.70
?ELERI RAVE Mano-Tare : PT : 0.005kg
?et 0.650k? 1.80€/kg 1.17
?AROTTE bot?e f.s.
1* 2.50 € 2.50
?OUPE LANGO?STINES BOCAL 0.78KG
1* 4.66 € 4.66
*UITRE FINE kg -Tare : PT : 0.005kg
?et 0.950k? 6.70€/kg 6.37
*ARINE DE B?E COMPLETE 5KG
1* 10.50 € 10.50
*RAISE bg25? Manois
1* 3.00 € 3.00
?ontant HT 97.90 €
?VA à 5.50 5.38 €
?VA à 20.00 €
?OTAL TTC 103.29 €
?eglé 103.2? €uro Carte 13/05/17
"
1117,True,2017-04-23 21:27:24,0.6738,51.7,0.5007666666666666,"CAFE DE RENNES
12. PLACE DE LA GARE
35000 RENNES (FRANCE) FRANCE
SIRET:34879217700019 NAF:5610A TVA:FR04348792177
Tel: 02.99.30.29.87
TABLE 20
2 COUV. DIRECTION
V.BORDEAUX 3.80 B
1/2 MURPHY STOUT 4.50 B
ESCARGOTS 12 11.90 D
2 PAVE DE SAUMON 15.00 30.00 D
CAFE ALLONGE 1.50 C
TOTAL 51.70
Soit 25.85/pers
DOCUMENT PROVISOIRE
?C.PROF. 2 TABLE?
To:023 Doc:74955 B0002 (JIJ?) MANF010M
DIMANCHE 23-04-2017 21:27:24
C?e 11-Serv: 11 Caisse 1 Num = 0013295/001
Demandez CODE WIFI aux serveurs
NOUS N’ACCEPTONS PLUS LES CHEQUES
TVA INTRA : TVA FR 04 348 792 177
Prix Nets – Service Compris"
1122,True,2017-01-12 12:05:00,0.6342333333333333,66.4,0.6672666666666667,"CAMAÏEU
CAMAÏEU LA ROCHELLE
17 rue du TEMPLE
17000 LA ROCHELLE
Tel : 05.46.34.86.94
12/01/2017 12:05
Carte : 720100019277191
Ticket : 010489101
2600017772099 AMINICART T.U
= 11.49 €
2250018001980 PROMANTIC M =
27.99 €
2200017748881 CITIZEN IMP 38
= 12.99 €
2250017693742 PBOUM L= 12.99 €
2250017770641 PCLOWN M
= 14.99 €
Total 80.45 €
10% supp dès 3 = -8.05 €
Total 72.40 €
Remise fidélité = 6.00 €
Total 66.40 €
CARTE BANCAIRE 66.40 €
Taux TVA Montant H.T. T.V.A.
20% 55.32 € 11.08 €
Articles échangeables durant 30 Jours
(7 jours pour les articles soldés)
Sur présentation du ticket de caisse*
*Sauf bas de maillot de bain sans
protection, boucles d oreille,
piercings, collants et chaussettes
No Azur 09.69.399.222
01048910100539
Toute la collection 24h/24 sur
www . camaieu . Fr
Merci de votre visite et à bientôt.
"
1143,True,2017-01-03 16:30:00,0.6236,7.99,0.6675333333333333,"pimkie
RUE DU TEMPLE,20
17000 LA ROCHELLE
Tel : 0546506191
03/01/2017 16:30
Ticket : 8860 Vend : 6
Mag : 0007 Caisse : 1
No carte : 000000001016400743
95104012038000001 Lingerie 38
6.99 € x 1 = 6.99 €
95103713038000001 Lingerie 38
1.00 € x 1 = 1.00 €
No de réservation :
000467579
Total 7.99 €
CARTE BLEUE : 7.99 €
Taux TVA Montant H.T. T.V.A.
20 6.65 # 1.34 €
Merci de nous avoir communiqué vos
données personnelles pour recevoir
nos offres commerciales et adhérer
au programme Surprise me more
SUR PRESENTATION DU TICKET DE CAISSE
(ARTICLE AVEC ETIQUETTES D’ORIGINE,
NON PORTE, NI LAVE NI RETOUCHE) :
ECHANGE OU REMBOURSEMENT SOUS
30 JOURS. BOUCLES D’OREILLES :
NI ECHANGEES NI REMBOURSEES.
DECOUVREZ VOS AVANTAGES FIDELITE SUR
surprisememore.pimkie.com
10% A CHAQUE PASSAGE EN CAISSE
VALABLES 30 JOURS
Plus de mode.
Plus de choix.
Plus de tailles.
Rendez-vous sur
pimkie.com
01008886009999"
1195,True,2017-06-10 09:16:00,0.5571,6.25,0.3352333333333333,"parapharmacie
E.Leclerc
15 rue champagne
st georges
17100 SAINTES
TEL 05.46.93.26.96
BIENVENUE
Caisse 033-0050 10 juin 2017 09:16
Ticket 10/06/17 0 0YI3 00900
TTC TVA
MERIDOL PARO EXPERT 6.25 5
Total 1 article 6.25
CB 6.25
Rendu 0.00
Code HT TVA TTC
5 20%00 5.21 1.04 6.25
VOTRE NUMERO DE CARTE E.LECLERC EST
MERCI DE VOTRE
VISITE.
A BIENTOT
"
1205,True,2017-06-01 12:37:13,0.6237666666666667,3.61,0.5011666666666666,"RESTAURANT ORANGE
SAINTES / ORMEAU
API RESTAURATION
CAISSE1
2 BANANE O.88
FILET DE COLIN 2.27
SALADE MESCLUN / ROQ 0.46
ADMISSION 14.12
S/TOT 17.73
SUD ORANGE MAJO 14.12
HT TVA TTC
T.V.A 10.00 3.28 0.33 3.61
TOTAL 3.61
C0MPTE454598A232580 / 2
ANCIEN SOLDE 16.22
SOLDE 12.61
No Transaction 46
JEUDI 01-06-2017 12:37.13 (RESTAU 2 )
Cle 1-Serv.: 2-CAISSE 203-N0TE 000008L(
BON APETIT
"
1224,True,2017-03-20 11:04:17,0.6002,2.0,0.5007333333333334,"TOTAL
Relais ROUILLE RAMPROUX NORD
SAS ARGEDIS
Autoroute A10
79800 RAMPROUX
Tél 05 49 69 08 70
RCS Nanterre B 306 916 099
Choupette 28G Lcg, Unité € 1,00 0
Choupette 28G Lcg, Unité € 1,00 0
Total € 2,00
CB (D) € 2,00
20,00 % TVA Q € 0,34
Date Heure Num POS CN° Quart
20/03/17 11:04 17019 11 0016 192
Vente de carburant faite en mandat
d’ordre et pour le compte de :
TOTAL MARKETING FRANCE
SAS au capital de 390 553 839 Euros
562 avenue du Parc de l\'île
92000 Nanterre France
RCS NANTERRE 531 680 445
N° TVA INTRACOM : FR 22 531 680 445
TOTAL vous remercie de votre visite
Bonne route et à bientôt
"
1236,True,2017-04-29 18:24:27,0.6772666666666667,1.29,0.6674,"BRICO, MARCHE
3 RUE ROLAND GARROS
86100 CHATELLERAULT
TEL: 05 49 02 05 60
www.bricomarche.com
ART# 00000099420001
MDF EP 6MM
0,12 X10.71 EUR 1,29 EUR B
MONTANT DU 1,29 EUR
CB SANS CONTACT 1,29 EUR
Nombre d’articles vendus= 1
A RENDRE 0,00 EUR
ESPECES 0,00 EUR
RECAPITULATIF TVA
CODE TVA MT. HT MT. TVA MT. TTC
B 20,00% 1,08 0,21 1,29
CARTE FIDELITE 3250390080021311996
SOLDE DISPONIBLE 5,00
CAISSIERE: SOPHIE
18:24:27 29/04/2017
M20280 C007 00003 T0274
TICKET A CONSERVER POUR GARANTIE
ECHANGE SOUS 15 JOURS
MERCI DE VOTRE VISITE – A BIENTOT
"
1249,True,2017-04-22 08:28:48,0.6788333333333334,1.5,0.5008666666666667,"PAUL
HRC SAS
A10 AIRE DE POITIERS CHINCE
86130 JAUNAY CLAN FRANCE
SIRET:37945523101171 NAF:5610B TVA:FR89379455231
Tel : 05 49 62 07 54
CAISSIER 46
2 MINI PAIN CHOC 0.75 1.50 E
TOTAL 1.50
HT TVA TTC
E TVA 10.00 1.36 0.14 1.50
1.00 PIECE 1 EU X 1.00 = 1.00
1.00 PIECE 1 EU X 1.00 = 1.00
RENDU -0.50
2 ARTICLES
( PASSAGE )
To:017 Doc:4795 80002 (x0w-) MANF010M
SAMEDI 22-04-2017 08:28:48
Cle 46-Serv : 46 Caisse 5 Num:0054610/001
Montants exprimés en euros
Faites-nous pari de vos remarques a
serviceclienlBareas.com
Merci de voire visite au revoir
Areas
Prix Nets – Service Compris
Préparez voire prochain voyage sur autoroute avec
www.aires-autoroute-areas.com
"
1256,True,2017-03-17 20:54:00,0.7223666666666667,8.5,0.6701,"bagel
corner
Date : 17/03/2017 20:54 00
Commande N°: 210
Accueil :
Téléphone 0
Service : VENTE A EMP?
1 MENU DELI DESSERT 8.50
1 DELI SAUMON 150G MULTI 0.00
1 MINUTE MAID POMME 0.00
1 DONUT CHOCOLAT 0.00
DONT TVA 10%: 0.77 €
TOTAL : 8.50 Euros
PAYEE
BAGEL CORNER
41 RUE DE LA SCIERIE
17000 LA ROCHELLE
www.bagelconer.fr"
1317,True,2017-04-04 14:56:50,0.5785,20.06,0.6672666666666667,"Intermarché
ENTREPRISE INDEPENDANTE
S A S LES BOIFFIERS
1 COURS HECTOR BERLIOZ
17100 SAINTES
TEL : 0546930535
CAMPANIERE PAIN POLK 1,85 EUR A
PAIN SPECIAL COMPLET 1,30 EUR A
PAIN CHOCOLAT P.BEUR 2,50 EUR A
PPBYR MINI SPLUME FU 3,85 EUR B
PPBYR MINI SPLUME FU 3,85 EUR B
VEET CRM DEPIL PX NO 4,94 EUR B
ALWAYS PROTEGE SLIP 1,77 EUR A
2 FONTIGNAC 10E=1 Vign
MONTANT DU 20,06 EUR
CB EMV 20,06 EUR
Nombre d’articles vendus= 7
TOTAL ELIGIBLE TRD 3,15 EUR
A RENDRE 0,00 EUR
ESPECES 0,00 EUR
RECAPITULATIF TVA
CODE TVA MT. HT MT. TVA MT. TTC
A 5,50% 7,03 0,39 7,42
B 20,00% 10,53 2,11 12,64
TOTAL TVA 17,56 2,50 20,06
CARTE FIDELITE 3250390100032324976
SOLDE DISPONIBLE 0,55
BONUS +25%
Ce mois-ci, encore 2 visites pour
toucher votre bonus de 25%
à la fin du mois.
[x] [x] [-] [-]
14:56:50 4/04/2017
M09133 C006 00010 T0234
VOTRE MAGASIN
ouvert tous les dimanche
DE 9hOO A 12hOO
"
1327,True,2017-04-09 13:15:00,0.6297,2.6,0.5009333333333333,"PATAPAIN
Tel : 02.38.7O.07.77
25 Avenue Joseph SOULAS
45800 ST JEAN DE BRAYE
TICKET/FACTURE
ARTICLES QTE EUR
Baguette tournée Origine 1,30
Baguette tournée Origine 1,30
TOTAL EUR 2,60
Espèces 2,60
Espèce perçu: 20,00 Rendu: 17,40
% TVA H.T. Brut TVA
5.50 2,46 2,60 0,14
09/04/2017 13:15 Num: 94334 Caisse: 68701
B 330 319 260 HCS BOURGES
N° TVA INTRAC0MMUNAUTAIRE : FR69330319260
FRR SASU au capital de 2.000.000 euros
Rejoignez-nous
sur la page officielle
Patàpain
"
1383,True,2017-02-25 11:30:00,0.6305333333333333,6.42,0.6687000000000001,"PYLONES TARDIEU
1 RUE TARDIEU
75018 PARIS
Tel : +33 (0)1 46 06 37 00
TICKET N° : 7 / 4 / 635689
Le : 25/02/2017 à 11:30
TALLIA TARDIEU
Qté Produit Montant TTC
1 X ZIPPER ■ BK
14,50 EUR 14,50 EUR
1 X HEROES – CABLE N0I
12.00 EUR 12,00 EUR
1 X HEROES – CABLE MUL
12.00 EUR 12,00 EUR
TOTAL REGLEMENT : 38,50 EUR
Carte bancaire : 38,50 EUR
Montant à rendre: 0,00 EUR
Montant HT : 32,08 EUR
Montant TVA : 6,42 EUR
dont TVA 20 % 6,42 EUR
Qtés :
ECHANGE SUR PRESENTATION
DU TICKET DE CAISSE VALABLE 1 MOIS.
NOS PROOUliS SONT GARANTIS 24 MOIS.
MERCI ET A BIENTOT.
WWW.PYLONES.COM
"
1403,True,2016-08-06 14:16:00,0.6266999999999999,36.4,0.6685666666666666,"CAFE DE LA PLACE
1 RUE REYTRE FRERES BPI 17480 LE CHATEAU D’OLERON
TEL 05.46.47.60.04
Siret: 450 955 208 00027
samedi 6 août 2016 – 14:16
Table: 28 Couvert(s): 2
Note n°32179 CAROLINE
2 MENU CORSAIRE. 35,00 €
1 CAFE EXPRESS 1,40 €
NET A PAYER 36,40 €
TVA : 10,00 % 3,31 € (33,09 €)
PRIX NET – SERVICE COMPRIS
Merci de votre visite, à bientôt…
"
1442,True,2015-10-21 10:55:21,0.6973,9.9,0.6676666666666667,"IntermaRché
ENTREPRISE INDEPENDANTE
S A S LES BOIFFIERS
1 COURS HECTOR BERLIOZ
17100 SAINTES
TEL:0546930535
COUPE CHRYSANTHEME 9,90 EUR E
1 VIVO 5E=1 Vign.
1 VIVO Total Vign.
MONTANT DU 9,90 EUR
CB EMV 9,90 EUR
Nombre d’articles vendus= 1
A RENDRE 0,00 EUR
ESPECES 0,00 EUR
RECAPITULATIF TVA
CODE TVA MT. HT MT. TVA MT. TTC
E 10,00% 9,00 0,90 9,90
10:55:21 21/10/2015
M09133 C002 00021 T0052
VOTRE MAGASIN
ouvert tous les dimanche
DE 9h00 A 12h00
"
1468,True,2017-01-21 00:10:28,0.6800333333333333,50.35,0.5011666666666666,"LE MANZIO
BAR . BRASSERIE . PIZZERIA
22 RUE DE LA SCIERIE
17000 LA ROCHELLE FRANCE
SIRET:79270030400019 NAF:5610A TVA:FR36792700304
RESERVATION 05 46 44 51 15
TABLE 36
3 COUVERT GUILLAUME
1L BORDEAUX AOP 7.20 B
1L L ESTIVAL ROSE 6.25 B
ONGLET ECHALOTE 17.30 D
LA MANZIO 15.80 D
COUPE 2 BOULES 3.80 D
TOTAL 50.35
DOCUMENT PROVISOIRE
SAMEDI 21-01-2017 00:10:28
Cle 2-Serv: 2-Caisse 1-Num = 0016131/001
PRIX, SERVICE & TVA INCLUS
MERCI DE VOTRE VISITE
Prix Nets – Service Compris
"
1486,True,2017-02-04 14:12:00,0.6079666666666667,62.08,0.6672666666666667,"DECATHL0N
DECATHLON LA ROCHELLE
ZAC Beaulieu 2
2 Rue de Belgique
17138 PUILBOREAU
05 46 68 00 00
ADIDAS ALTASPORT BLE
2169685 29,99 €
RFID : 0814744897
NIKE CITY COURT W
2002456  32,99 €
RFID : 9999999998
TOTAL 62,08 €
2 Article(s)
Especes 200,00 €
Rendu Especes 137,02 €
TAUX MTT TVA MTT HT
20% 10,50 € 52,48 €
Le 04/02/17 14:12 Caisse 12 Tran 1230
Hôte(sse) : ABT Magasin : 700036
Ouvert du Lundi au Samedi
de 9h à 20h
Toute l offre DECATHLON
Disponible en magasin
Demandez à un vendeur
660700036000120000123020170204141143
"
1500,True,2017-02-28 18:56:00,0.6690333333333334,42.7,0.6682,"T42-005549 28/02/2017 18:56
VIAMARIS SAS
8 BIS, RUE CHAUDRIER
17000 LA ROCHELLE
05.46.30.55.66
contact@viamaris.fr
http:\\\\www.viamaris.fr
LA ROCHELLE
MARGAUX
Bonjour
BONNET MARIN DOUBLE ROUGE
22917 1,00 6,90 6,90
BONNET MARIN DOUBLE ROUGE
22917 1,00 6,90 6,90
MARINIERE CODY VM
23874[4 MAR/BL 1,00 28,90 28,90
4 MARINE/BLANC
Total brut HT: 35,58
Total Net HT: 35,58
Total TVA: 7,12
Net TTC: 42,70
Paiement par Carte bancaire 42,70 EUR
MERCI ET A BIENTOT
"
1530,True,2017-02-28 12:52:43,0.6908666666666666,5.0,0.5012666666666666,"PAUL QUAI
ELIOR CONCESSIONS GARES SAS
Gare Montparnasse 11 bld Montparnasse 75015 Paris
Tél : 01 56 54 05 26
RCS NANTERRE 524?959?236 TVA FR76524959236
MARIE PIERRETTE
1 TOMATE MOZZA 5.00
TOTAL 5.00
HT TVA TTC
TVA 10.00 % 4.55 0.45 5.00
CB MANUEL 5.00
( PASSAGE )
MARDI 28-02-2017 12:52:43 (A EMPORTER)
Cle 15-Serv.: 35-CAISSE 5-NOTE 000247/1
Montants exprimés en euros
Faites-nous part de vos remarques à
serviceclient@areas.com
Merci de votre visite et au revoir
Areas
"
1539,True,2017-02-04 13:27:03,0.6841666666666667,3.1,0.5012666666666666,"FRANCESCA
ELIOR CONCESSIONS GARES SAS
11 Boulevard de Vaugirard 75015 Paris
Tél : 01 43 21 51 23
RCS NANTERRE 52459595235 TVA FR76524959236
SECOURS 2
1 THE 3.10
TOTAL 3.10
HT TVA TTC
TVA 10 00 % 2.82 0.28 3.10
ESPECES 3.10
1 ARTICLE
( PASSAGE )
SAMEDI 04-02-2017 13:27:03
Cle 2-Serv.: 71-CAISSE 67-NOTE 000248/1
Montants exprimés en euros
Faites-nous part de vos remarques à
servicecl ienl@areas.com
Merci de votre visite et au revoir
Areas"
1540,True,2016-12-24 13:31:00,0.6718333333333334,22.0,0.6689999999999999,"TICKET DE CAISSE
RTCR
rue du Moulin de Vendôme
17140 LAGORD
E.01 ID.03 Vendeur:0705
24/12/2016 13:31
**********
10 VOYAGES 22.00 EUR
TOTAL 22.00 EUR
soit 144.31 FRF
RECU
Espèces 22.00 EUR
Dont TVA à 10.00 % : 2.20 EUR
MERCI DE VOTRE VISITE
BONNE JOURNEE
"
1546,True,2017-01-28 14:19:00,0.6250666666666667,56.0,0.5016333333333334,"DA MONNALI
53 rue du faubourg poissoniere
75009 PARIS
01 47 70 40 97
487 837 056
10047 Marco
Facture: 18060 Couverts: 3
Table: 6-1
28-01-2017 14:19
A Emporter
1 Coppa 14.00
1 Orientale 13.00
1 Parma Bianca 14.00
2 Peroni 9.00
1 Tiramisu 6.00
SOUS TOTAL 56.00
2.45 TVA 5.5% 47.00
1.50 TVA 20% 9.00
TOTAL DU Eur56.00
DA MONNALI
Laissez nous vos avis sur TRIPADVISOR
www.damonnali.com
Numéro Commande : 1806
O
"
1565,True,2016-11-07 18:54:00,0.6041,60.7,0.5004000000000001,"WELDOM
ANGLE BRICOLAGE
300 AV. de GRAND ANGLES
30133 LES ANGLES
Tel:U4 90 25 72 93
Fax:04.90.25.92.4Z
TVA Int.FR 90 389 877 655
Siret 389 87/ 655 00024
Facture au comptant
à :
Euro
1 TUBE DESCENTE 0100 2M80 SABL 12 40
Code:3343340433907
1 COUDE MF 67″30 0100 SABLE 9 40
Code:3343340558600
1 REDUCTION R100F/80M 2 50
Code:3325570900367
1 REP125/100 REDUCTION PVC 2 90
Code:3325570900374
1 PATIN FEUTRE ADH BI 215X80 610
Code:3100345001339
1 GAIN.PVC EXT.PS-MI 125/6M 16 50
Code:3325572201363
1 GAIN.PVC EXT.PS-MI 80/6M 10 90
Code:3325572201301
(Nombre d’articles: 7)
TOTAL Euro 60 70
(En Francs : 398.17)
(Info: 1 Euro = 6.55957 Francs)
Dont TVA 20% 10 12
ESPECES 60 70
Lundi 07/11/2016 à 18:54
Ticket N°:161107020341
Caisse N°:02 Magasin N°:08
Hote(sse) VIRGINIE
OUVERTURE MAGASIN
Du lundi au vendredi
9h – 12h30 /14h 19h
Le Samedi 9h /19h sans interruption
Les Jours Weldom
Du 19 Octobre au 5 novembre
Votre magasin sera ouvert
Le 1er et 11 novembre 2016
De 9h 12h30 et 14h 19h
Pour tout échange conserver
ce ticket de caisse et l’emballage
dans l’état d’origine dans un
delai de 15 jours.
Merci et à bientôt
"
1567,True,2016-10-06 19:53:15,0.6705666666666666,54.9,0.5004666666666666,"castorama
CASTORAMA FRANCE S.A.S
CC LA CRISTOLE
600 Rue du Bon Vent – CS 30072
84918 AVIGNON Cédex 9
Tël 04 90 88 57 31
Horaires d’ouverture
du lundi au samedi de 8h à 20h
Avez-vous pensé à la carte Castorama ?
QTE DESCRIPTION PRIX MONTANT T
1 TOURILLON SAP RAB
3532320820015 3.95 3.95 2
1 TABLETTE MELAM
3464185534809 6.45 6.45 2
dont éco-part. 0.16
1 CONNECTEUR RAPIDE
3700101237813 11.90 11.90 2
dont recyclage 0.01
1 FICHE 16A MALE AVEC
3245060501075 4.60 4.60 2
1 4 SUPPORTS ADHÉSIFS
3262420160321 6.25 6.25 2
1 FICHE 16A MALE AVEC
3245060501037 4.60 4.60 2
SOUS-TOTAL 37.75
TOTAL 37.75
AVOIR 2702363755679 92.65
Carte Bancaire -54.90
RENDU 0.00
DETAIL TVA
2 TVA 20% 6.29 31.46 HT
NOMBRE D’ARTICLES : 6
06/10/2016 19:53:15 2363 4 162 3877
920061016023630040038778
\""#xx:Nombre d’années de disponibilité\""
\""des pièces détachées indispensables\"".
Conservez moi pour échange et garantie
Castorama s’engage à vous rembourser
par CB ou AVOIR
Tout produit non utilisé
dans son emballage d’origine s
sauf tuyau de gaz et detendeur de gaz
DANS UN DELAI DE 30 JOURS
sur présentation du ticket de caisse,
dans le magasin de votre choix
Donnez votre avis sur
www.castorama.fr/votre avis
"
1607,True,2017-03-24 22:31:00,0.6762666666666667,40.5,0.5008666666666667,"LA SERRURERIE
28 DES GRANDES ECOLES
86000 POITIERS FRANCE
SIRET:42109759300014 NAF:5610A TVA:FR02421097593
TEL: 05.49.41.05.14 & FAX: 05.49.42.80.22
TABL 310
2 COUVERT GEOFFREY
1 COCO LOCO 6.50 B
1 VERRE LAYON CHAUMES 6.50 B
1 FISH N CHIPS 13.00 C
1 TARTARE DE BOEUF 14.50 C
TOTAL 40.50
DOCUMENT PROUISOIRE
VENDREDI 24-03-2017 22:31:00
Cle 7-Serv: 7-Caisse 1-Num = 0013873/001
MERCI 8 A BIENTOT
RCS : 421 097 593 00014
"
1610,True,2017-03-28 19:29:25,0.6547,1.74,0.5018,"MONOPRIX
service clients
APPEL GRATUIT DEPUIS UN POSTE PUE
monoprix.fr
* MONOPRIX LA ROCHELLE 05.46.41.69.11€*
LIVRAISON GRATUITE AVEC LA CARTE M
EUR
MORT SUBITE WITTE 1,74
EUR* TOT 1,74
VP EUR Carte Bancaire 1,74
EUR A RENDRE 0,00
NOMBRE D’ARTICLES : 1
28/03/17 19:29 2501 03 0358 108
10% sur alimentaire & entretien de la
marque Monoprix crédités sur LA Carte
"
1657,True,2017-04-11 12:18:56,0.6900333333333333,3.58,0.5011666666666666,"RESTAURANT ORANGE
SAINTES / ORMEAU
API RESTAURATION
CAISSE1
MENU ARDOISE 3.28
ENTREMETS DIVERS 0.30
14.12
S/TOT 17.70
SUB ORANGE MAJO -14.12
HT TVA TTC
T.V.A 10.00 3.25 0.33 3.58
TOTAL 3.58
C0MPTE454598A232580 / 2
ANCIEN SOLDE 11.76
SOLDE 8.18
No Transaction 32
MARDI 11-04-2017 12:18:56 (RESTAU 2 )
Cle 1-Serv.; 2-CAISSE 203-N0TE 000009/1
BON APETIT
"
1676,True,2016-10-05 17:47:24,0.7156,603.52,0.5016333333333334,"CHANGE NANTES DECRE
11 RUE DES HALLES
44000 nantes
Tel : 09 82 27 02 43
e-mail : change.decre@gmail.com
802 626 549 RCS nantes
sarl au capital de 50000 Euro
CHANGE
DATE 05/10/2016 a 17 47 24 / FRED
Notre VENTE No 10-00054
Client Anonyme
Observations
VOUS RECEVEZ / YOU GET
DEVISE : BB/Chine
Quantité : 4 050,00 
Taux de change : 6,73854 
Commission : 2.50 
Taux net : 6,71063
Contre-valeur : 601 02
TOTAL BRUT : 601,02 
Commission : 2.50 
VOUS PAYEZ / YOU PAY
TOTAL NET : 603,52 
Paiement Carte de crédit : 603,52
"
1697,True,2016-07-12 18:17:00,0.6225333333333333,9.99,0.6677333333333333,"eurodif
EURODIF LA ROCHELLE
4-6 rue du Palais
17000 LA ROCHELLE
Téléphone : 0546447123
www.eurodif.com
3010006582667 MOULE CHARNIERE ROND
9.99 €
Total 9.99 €
Carte bancaire 9.99 €
Taux TVA Montant H.T. T.V.A.
20 % 8.32 € 1.67 €
1 article(s)
Ticket à conserver pour tout échange
ou avoir sous un délai de 15 jours.
Articles soldés ni repris, ni échangés
Mag. 063 – Caisse 02 – Caissier 17
12/07/2016 18:17 – Ticket 020346125
0203461250001"
1699,True,2016-06-11 17:25:00,0.6344,57.46,0.6673333333333333,"CAMAÏEU
CAMAÏEU LA ROCHELLE
17 rue du TEMPLE
17000 LA ROCHELLE
Tel : 05.46.34.86.94
11/06/2016 17:25
Carte : 720100004200058
Ticket : 010466921
2120017218446 SAVE COLOR.SH 42
* 17.99 €
2120017210877 SAO PAULO DENIM BER 42
* 19.99 €
a 2360017508691 TEETULLE M
12.99 €
a 12360017508578 TEETULLE M
12.99 €
Total 63.96 €
a -50% sur TS et débardeur = -6.50 €
Total 57.46 €
CARTE BANCAIRE : 57.46 €
Taux TVA Montant H.T. TV.A.
20% 47.88 € 9.58 €
*50% sur TS et débardeurs
Articles échangeables durant 30 jours
(7 Jours pour les articles soldés)
Sur présentation du ticket de caisse*
*Sauf bas de maillot de bain sans
protection, boucles d oreille,
piercings, collants et chaussettes
No Azur 09 69.399.222
0046692100539
Toute la collection 24h/24 sur
www.camaieu .fr
Merci de votre visite et a bientôt.
"
1720,True,2017-02-11 14:00:00,0.6464,4.89,0.6675333333333333,"SUPER U
Route de Codognan
30310 VERGEZE
Tél : 04.66.35.36.30
De 8h30 à 20h00
Le dimanche de 8h30 à 12h30
Opérateur Date Heure TPV Ticket
214 00 11/02/17 12:57 7 921759
>>>> CHARC. TRAIT.SAUC.SECS L
SDW.WRAPS BACON SCE YAOURT 190G 2,84 €
SDW MAX.TRI.POL.JBN CHED.U210G 2,05 €
TOTAL 2 Article(s) 4,89 €
ESPECES 10,00 €
Rendu ESPECES 5,11 €
11 / Taux Réduit 5,5% = 0.11 €
14 / Ventes à E. 10% = 0,26 €
**********************************
VOS AVANTAGES CARTE U
CODE MAGASIN : 90130
No CARTE : 8939XXXXX41146
MONTANT ACHATS : 4,89 €
VOTRE SOLDE € CARTE D PRECEDENT : 1,22 €
VOTRE NOUVEAU SOLDE € CARTE U : 1,22 €
TICKET A CONSERVER
GAGNEZ DES EUROS CARTE U GRACE A
VOS EXCLUSIVITES PRODUITS U
SPECIAL AIDES CULINAIRES
RENDEZ-VOUS EN MAGASIN
ET SUR MAGASINS-U.COM
(Voir conditions à l’accueil du magasin)
Opérateur Date Heure TPV Ticket
214 DO 11/02/17 12:57 7 921759
MERCI DE VOTRE VISITE
A BIENTOT
TICKET A CONSERVER
6690130007921759"
1728,True,2017-02-27 12:28:00,0.6133666666666666,4.82,0.6673333333333333,"SUPER U
les nouveaux commerçants
Route des Plages
30470 AIMARGUES
Tél : 04.66.88.50.08
TVA INTRA FR 26 499 120 715
STRET 499 120 715 00028
Opérateur Date Heure TPV Ticket
118 SZ 27/02/17 12:28 5 588644
>>>> PAT INDUSTRIELLE
PAIN AU LAIT U X15 5250 1,35 €
>>>> FRUITS ET LEGUMES
POMME CHANTECLER BELCHARD 1,59 €
ORANGE NAVELINE 0,94 €
>>>> CREMERIE L.S.
LAIT UHT ENTIER U BK 1 LITRE 0,94 €
TOTAL 4 Article(s) 4,82 €
ESPECES 10,00 €
Rendu ESPECES 5,18 €
11 / Taux Réduit 5,5% : 0,25 €
VOS AVANTAGES CARTE U
CODE MAGASIN : 90426
No CARTE : 6939XXXXX41146
************* VOS € CARTE U PR0M0 ***********
1 x 0,21 ( PAIN AU LAIT U X15 0,21 €
*******************************************************
MONTANT ACHATS : 4,82 €
VOTRE SOLDE € CARTE U PRECEDENT : 1,22 €
VOS € CARTE U OBTENUS : 0,21 €
VOTRE NOUVEAU SOLDE € CARTE U : 1,43 €
Les € Carte U obtenus ce jour, seront 6 valoir dés
le lendemain, sur présentation de votre Carte U,
dans tous les magasins U participant au programme
de fidélité. Voir conditions é l’accueil.
TICKET A CONSERVER
********************************
GAGNEZ DES EUROS CARTE U GRACE A
DOS EXCLUSIVITES PRODUITS U
SPECIAL AIDES CULINAIRES
RENDEZ-VOUS EN MAGASIN
ET SUR MAGASINS-U.COM
(Voir conditions A l’accueil du magasin)
Opérateur Data Heure IPV Ticket
118 SZ 27/02/17 12:29 5 588644
TICKET A CONSERVER
MERCI DE VOTRE VISITE. A BIENTOT
OUVERT DU LUNDI AU SAMEDI
DE 08H30 à 20H00
DIMANCHE DE 08H30 à 12H30
6690426005588644"
1780,True,2016-11-04 12:33:00,0.6220666666666667,12.9,0.5021333333333333,"TABLAPIZZA
C4EST BON D\'ÊTRE LÀ
TABLAPIZZA LA ROCHELLE
Rue de la Scierie
17000 LA ROCHELLE
Tel : 0546442010
SIRET 753 859 370
9 RIO
Tbl 19/2 Fct 1308 Cts 1
04Nov’16 12:33
1 Menu Midi * 9.90
Penne 4 Fromage
Fanta
Tiramisu Speculo 3.00
13:42.Total du 12.90
T.V.A. 10% 1.17
Reglement a Table
Ouvert 7j/7 de 11h45 a 23h00
Prix Nets
Merci et a bientôt
Rejoignez-nous sur notre page
Facebook
Tablapizza La Rochelle Minimes
"
1795,True,2016-09-13 12:31:47,0.6807666666666666,12.5,0.6679333333333333,"CB 18
A Emporter
Restaurant McDonald’s ANGOULINS
Centre Commercial Carrefour
Route de Rochefort
17690 ANGOULINS SUR MER
Tel.05.46.56.26.07 Fax.05.46.56.25.92
SIRET 40336585100027 - APE 5610C
RCS La Rochelle TVA INTRA FR61403365851
Restaurant 25000469
*CDE 18 Kiosk 42 13/09/2016 12:31:47
Qte Produit Unit Total
1 60 ChickTastyBa 9,00 9,00
ChickTastyBaco
Potatoes Best Of
Sce Potatoes
Jus Orang.BestOf
1 Flu MM’s+Cara 3,50 3,50
Total commande 12,50 EUR
dont TVA 10.00% 1.14 EUR
**************************************
Merci de votre visite.
Prenez quelques minutes
dans les 7 prochains jours
pour nous donner votre avis,
il compte pour nous !
RDV sur le site www.mcdoetmoi.com
**************************************
Merci de votre visite – A bientôt
L’équipe d’Angoulins"
1815,True,2017-03-09 13:56:23,0.6713333333333333,14.4,0.5004666666666666,"BRICO
DEPÔT
**************************************
227 av.du Maréchal Leclerc
cs20012 Le Pontet
84275 Vedene cedex
ouvert du lundi au samedi
de 7h à 19h30
sans interruption
****************************************
Tel:04.32.73.04.50 Fax :04.32.73.04.51
****************************************
* VOTRE AVIS NOUS INTERESSE*
Pour que nous puissions continuer
* vous satisfaire toujours au mieux
faites nous parvenir vos remarques sur :
www. bricodepot-votreavis.com
un bon d’achat de 15 euros à gagner
**************************************
OTE DESCRIPTION PRIX MONTANT T
1 FIL METAL.GALVA 1,3MM
3321362191319 5.80 5.80 2
1 FICELLE FIBRE NAT
3321360016782 8.60 8.60 2
SOUS-TOTAL 14.40
TOTAL 14.40
AVOIR 2701745704113 24.90
AVOIR 2701745721844 -10.50
RENDU 0.00
DETAIL TVA
2 TVA 20% 2.40 12.00 HT
NOMBRE D’ARTICLES : 2
09/03/2017 13:56:23 1745 8 80 367779
920090317017450083677795
CREEZ VOTRE CARTE CLIENT
DIRECTEMENT SUR LE SITE
bricodepot.fr
**************************************
JE ME FAIS LIVRER CHEZ MOI
EN ME CONNECTANT SUR LE WEB
**************************************
CONSERVEZ MOI
Comme preuve d’achat •
pour les garanties, échanges
ou remboursement sous 1 mois
Voir la liste des articles à l’accueil
NI REPRIS NI ECHANGES
TOUT PRODUIT OUVERT
OU SANS EMBALLAGE
VISSERIE VRAC
PEINTURE TEINTEE
**************************************
TUYAUX ET DETENDEURS DE GAZ
NI REPRIS NI ECHANGES SI OUVERT
**************************************
REMBOURSEMENT AVOIR
OU CARTE BANCAIRE
UNIQUEMENT
**************************************
#xx Nombre d’années de disponibilité
des pièces détachées indispensables
**************************************
"
1856,True,2017-01-28 16:13:00,0.6239666666666667,7.0,0.6679,"RUE DU TEMPLE,20
17O00 LA ROCHELLE
Tel : 0546506191
28/01/2017 16:13
Ticket : 7532 Vend : 3
Mag : 0007 Caisse : 2
No carte : 01001706860
*98505216038000001 Chaussures 38
4.00 € x 1 = 4.00 €
*99810616000000001 Autres accessoires
3.00 € x 1 = 3.00 *

Total 7.00 €
ESPECES : 10.00 €
Rendu 3.00 €
Taux TVA Montant H.T. T.V.A.
20 5.83 € 1.17€
Merci de nous avoir communiqué vos
données personnelles pour recevoir
nos offres commerciales et adhérer
au programme Surprise me more
*
SUR PRESENTATION DU TICKET DE CAISSE
(ARTICLE AVEC ETIQUETTES D’ORIGINE,
NON PORTE, NI LAVE NI RETOUCHE) :
ECHANGE OU REMBOURSEMENT SOUS
30 JOURS. BOUCLES D’OREILLES :
NI ECHANGEES NI REMBOURSEES.

DECOUVREZ VOS AVANTAGES FIDELITE SUR 
surprisememore.pimkie.com 
10% A CHAQUE PASSAGE EN CAISSE
VALABLES 30 JOURS

LA NOUVELLE APPLI
EST DISPONIBLE.

"
1869,True,2017-01-21 18:46:00,0.6119333333333333,17.49,0.668,"LA HALLE
08 0815
LA CHAMPAGNE SAINT GEORGES
13 RUE OU CHAMP DE TIR
17100 SAINTES
Tel: 0546966021
JEAN
*082242000033 36 = 34.99 €
Action commerciale -50% = -17.50 €
Info = 0.00 €
code :
MF:CEO1140160808
Total 17.49 €
Carte Bancaire : 17.49 €
Taux TVA Montant H.T. T.V.A.
20.0% 14.58 € 2.91 €
Caisse 03-7
21/01/2017 18:46
Echange ou remboursement sous 30 jours
sur présentation du ticket de caisse.
Continuez vos achats sur:
www.lahalle.com
LA HALLE
c\'est vraiment vous
"
1964,True,2017-01-20 12:44:00,0.5824666666666667,69.4,0.5024,"RAGAZZI DA PEPPONE
32 rue ST NICOLAS
17000 LA ROCHELLE
TEL 05.46.55.51.93
TABLE 113 COUVERTS 4
VEN 20 JAN 2017 12:44
1 VERRE DE ROUGE 15CL 3.90
1 INTERVISTA 13.90
2 TAGLIATELLE CARBONARA 23.80
1 SPAGHETTI GROSSES CREVET 13.90
1 TIRAMISU 6.95
1 GATERIE AU CAFE 6.95
TOTAL EURO 69.40
TVA 20% 0.65
TVA 10% 5.95
RESTE A PAYER 69.40
MERCI DE VOTRE VISITE
A BIENTOT
MANAGER 1 CAISSE 1"
